<record><recordSchema>MARC21-xml</recordSchema><recordPacking>xml</recordPacking><recordData><record xmlns="http://www.loc.gov/MARC21/slim" type="Bibliographic">
    <leader>00000nam a2200000 c 4500</leader>
    <controlfield tag="001">955931320</controlfield>
    <controlfield tag="003">DE-101</controlfield>
    <controlfield tag="005">20171203062742.0</controlfield>
    <controlfield tag="007">tu</controlfield>
    <controlfield tag="008">990302s1998    gw ||||| |||| 10||||ger  </controlfield>
    <datafield tag="015" ind1=" " ind2=" ">
      <subfield code="a">99,B16,0910</subfield>
      <subfield code="2">dnb</subfield>
    </datafield>
    <datafield tag="016" ind1="7" ind2=" ">
      <subfield code="2">DE-101</subfield>
      <subfield code="a">955931320</subfield>
    </datafield>
    <datafield tag="020" ind1=" " ind2=" ">
      <subfield code="a">9783888149184</subfield>
      <subfield code="c">kart.</subfield>
      <subfield code="9">978-3-88814-918-4</subfield>
    </datafield>
    <datafield tag="020" ind1=" " ind2=" ">
      <subfield code="a">3888149185</subfield>
      <subfield code="c">kart.</subfield>
      <subfield code="9">3-88814-918-5</subfield>
    </datafield>
    <datafield tag="035" ind1=" " ind2=" ">
      <subfield code="a">(DE-599)DNB955931320</subfield>
    </datafield>
    <datafield tag="035" ind1=" " ind2=" ">
      <subfield code="a">(OCoLC)613818990</subfield>
    </datafield>
    <datafield tag="040" ind1=" " ind2=" ">
      <subfield code="a">1240</subfield>
      <subfield code="b">ger</subfield>
      <subfield code="c">DE-101</subfield>
      <subfield code="d">9999</subfield>
    </datafield>
    <datafield tag="041" ind1=" " ind2=" ">
      <subfield code="a">ger</subfield>
      <subfield code="h">eng</subfield>
    </datafield>
    <datafield tag="043" ind1=" " ind2=" ">
      <subfield code="c">XA-RU</subfield>
      <subfield code="c">XA-RU</subfield>
      <subfield code="c">XA-RU</subfield>
    </datafield>
    <datafield tag="044" ind1=" " ind2=" ">
      <subfield code="c">XA-DE</subfield>
    </datafield>
    <datafield tag="084" ind1=" " ind2=" ">
      <subfield code="a">47</subfield>
      <subfield code="a">64</subfield>
      <subfield code="a">770</subfield>
      <subfield code="q">DE-101</subfield>
      <subfield code="2">sdnb</subfield>
    </datafield>
    <datafield tag="084" ind1=" " ind2=" ">
      <subfield code="a">13.5p</subfield>
      <subfield code="a">13.1bp</subfield>
      <subfield code="a">13.1bp</subfield>
      <subfield code="q">DE-101</subfield>
      <subfield code="2">sswd</subfield>
    </datafield>
    <datafield tag="090" ind1=" " ind2=" ">
      <subfield code="a">b</subfield>
    </datafield>
    <datafield tag="245" ind1="0" ind2="0">
      <subfield code="a">Alexander Rodtschenko - Das neue Moskau</subfield>
      <subfield code="b">Fotografien aus der Sammlung L. und G. Tatunz ; [anläßlich der vom Sprengel-Museum Hannover in Zusammenarbeit mit Margarita Tupitsyn organisierten Wanderausstellung "Alexander Rodtschenko - Das Neue Moskau", Sprengel-Museum Hannover 17. Januar bis 5. April 1999 ... Seattle Art Museum, August bis November 2000]</subfield>
      <subfield code="c">Margarita Tupitsyn. [Übers. aus dem Engl.: Christel Liesenfeld-Steinberg]</subfield>
    </datafield>
    <datafield tag="264" ind1=" " ind2="1">
      <subfield code="a">Hannover</subfield>
      <subfield code="b">Sprengel-Museum</subfield>
      <subfield code="c">1998</subfield>
    </datafield>
    <datafield tag="300" ind1=" " ind2=" ">
      <subfield code="a">21, 81 S.</subfield>
      <subfield code="b">überw. Ill.</subfield>
      <subfield code="c">32 cm</subfield>
    </datafield>
    <datafield tag="336" ind1=" " ind2=" ">
      <subfield code="a">unbewegtes Bild</subfield>
      <subfield code="b">sti</subfield>
      <subfield code="2">rdacontent</subfield>
    </datafield>
    <datafield tag="337" ind1=" " ind2=" ">
      <subfield code="a">ohne Hilfsmittel zu benutzen</subfield>
      <subfield code="b">n</subfield>
      <subfield code="2">rdamedia</subfield>
    </datafield>
    <datafield tag="338" ind1=" " ind2=" ">
      <subfield code="a">Band</subfield>
      <subfield code="b">nc</subfield>
      <subfield code="2">rdacarrier</subfield>
    </datafield>
    <datafield tag="600" ind1="1" ind2="7">
      <subfield code="0">(DE-588)118641999</subfield>
      <subfield code="0">https://d-nb.info/gnd/118641999</subfield>
      <subfield code="0">(DE-101)118641999</subfield>
      <subfield code="a">Rodčenko, Aleksandr Michajlovič</subfield>
      <subfield code="d">1891-1956</subfield>
      <subfield code="9">rswk-swf</subfield>
      <subfield code="2">gnd</subfield>
    </datafield>
    <datafield tag="600" ind1="1" ind2="7">
      <subfield code="0">(DE-588)120668939</subfield>
      <subfield code="0">https://d-nb.info/gnd/120668939</subfield>
      <subfield code="0">(DE-101)120668939</subfield>
      <subfield code="a">Tatunz, L.</subfield>
      <subfield code="d">ca. 20. Jh.</subfield>
      <subfield code="9">rswk-swf</subfield>
      <subfield code="2">gnd</subfield>
    </datafield>
    <datafield tag="600" ind1="1" ind2="7">
      <subfield code="0">(DE-588)120668947</subfield>
      <subfield code="0">https://d-nb.info/gnd/120668947</subfield>
      <subfield code="0">(DE-101)120668947</subfield>
      <subfield code="a">Tatunz, G.</subfield>
      <subfield code="d">ca. 20. Jh.</subfield>
      <subfield code="9">rswk-swf</subfield>
      <subfield code="2">gnd</subfield>
    </datafield>
    <datafield tag="648" ind1=" " ind2="7">
      <subfield code="a">Geschichte 1929-1932</subfield>
      <subfield code="9">rswk-swf</subfield>
      <subfield code="2">gnd</subfield>
    </datafield>
    <datafield tag="650" ind1=" " ind2="7">
      <subfield code="0">(DE-588)4142019-6</subfield>
      <subfield code="0">https://d-nb.info/gnd/4142019-6</subfield>
      <subfield code="0">(DE-101)041420195</subfield>
      <subfield code="a">Dokumentarfotografie</subfield>
      <subfield code="9">rswk-swf</subfield>
      <subfield code="2">gnd</subfield>
    </datafield>
    <datafield tag="650" ind1=" " ind2="7">
      <subfield code="0">(DE-588)4128844-0</subfield>
      <subfield code="0">https://d-nb.info/gnd/4128844-0</subfield>
      <subfield code="0">(DE-101)041288440</subfield>
      <subfield code="a">Sammlung</subfield>
      <subfield code="9">rswk-swf</subfield>
      <subfield code="2">gnd</subfield>
    </datafield>
    <datafield tag="650" ind1=" " ind2="7">
      <subfield code="0">(DE-588)4128844-0</subfield>
      <subfield code="0">https://d-nb.info/gnd/4128844-0</subfield>
      <subfield code="0">(DE-101)041288440</subfield>
      <subfield code="a">Sammlung</subfield>
      <subfield code="9">rswk-swf</subfield>
      <subfield code="2">gnd</subfield>
    </datafield>
    <datafield tag="650" ind1=" " ind2="7">
      <subfield code="0">(DE-588)4128844-0</subfield>
      <subfield code="0">https://d-nb.info/gnd/4128844-0</subfield>
      <subfield code="0">(DE-101)041288440</subfield>
      <subfield code="a">Sammlung</subfield>
      <subfield code="9">rswk-swf</subfield>
      <subfield code="2">gnd</subfield>
    </datafield>
    <datafield tag="651" ind1=" " ind2="7">
      <subfield code="0">(DE-588)4074987-3</subfield>
      <subfield code="0">https://d-nb.info/gnd/4074987-3</subfield>
      <subfield code="0">(DE-101)040749878</subfield>
      <subfield code="a">Moskau</subfield>
      <subfield code="9">rswk-swf</subfield>
      <subfield code="2">gnd</subfield>
    </datafield>
    <datafield tag="655" ind1=" " ind2="7">
      <subfield code="0">(DE-588)4135467-9</subfield>
      <subfield code="0">https://d-nb.info/gnd/4135467-9</subfield>
      <subfield code="0">(DE-101)041354672</subfield>
      <subfield code="a">Ausstellungskatalog</subfield>
      <subfield code="y">1999</subfield>
      <subfield code="2">gnd-content</subfield>
    </datafield>
    <datafield tag="655" ind1=" " ind2="7">
      <subfield code="0">(DE-588)1071861417</subfield>
      <subfield code="0">https://d-nb.info/gnd/1071861417</subfield>
      <subfield code="0">(DE-101)1071861417</subfield>
      <subfield code="a">Konferenzschrift</subfield>
      <subfield code="2">gnd-content</subfield>
    </datafield>
    <datafield tag="655" ind1=" " ind2="7">
      <subfield code="a">Ausstellung 1999</subfield>
      <subfield code="9">rswk-swf</subfield>
      <subfield code="2">gnd</subfield>
    </datafield>
    <datafield tag="655" ind1=" " ind2="7">
      <subfield code="a">Ausstellung</subfield>
      <subfield code="z">Hannover &lt;1999></subfield>
      <subfield code="9">rswk-swf</subfield>
      <subfield code="2">gnd</subfield>
    </datafield>
    <datafield tag="655" ind1=" " ind2="7">
      <subfield code="a">Ausstellung</subfield>
      <subfield code="z">Hannover &lt;1999></subfield>
      <subfield code="9">rswk-swf</subfield>
      <subfield code="2">gnd</subfield>
    </datafield>
    <datafield tag="689" ind1="0" ind2="0">
      <subfield code="0">(DE-588)118641999</subfield>
      <subfield code="0">https://d-nb.info/gnd/118641999</subfield>
      <subfield code="0">(DE-101)118641999</subfield>
      <subfield code="D">p</subfield>
      <subfield code="a">Rodčenko, Aleksandr Michajlovič</subfield>
      <subfield code="d">1891-1956</subfield>
    </datafield>
    <datafield tag="689" ind1="0" ind2="1">
      <subfield code="0">(DE-588)4142019-6</subfield>
      <subfield code="0">https://d-nb.info/gnd/4142019-6</subfield>
      <subfield code="0">(DE-101)041420195</subfield>
      <subfield code="D">s</subfield>
      <subfield code="a">Dokumentarfotografie</subfield>
    </datafield>
    <datafield tag="689" ind1="0" ind2="2">
      <subfield code="0">(DE-588)4074987-3</subfield>
      <subfield code="0">https://d-nb.info/gnd/4074987-3</subfield>
      <subfield code="0">(DE-101)040749878</subfield>
      <subfield code="D">g</subfield>
      <subfield code="a">Moskau</subfield>
    </datafield>
    <datafield tag="689" ind1="0" ind2="3">
      <subfield code="A">z</subfield>
      <subfield code="a">Geschichte 1929-1932</subfield>
    </datafield>
    <datafield tag="689" ind1="0" ind2="4">
      <subfield code="0">(DE-588)4128844-0</subfield>
      <subfield code="0">https://d-nb.info/gnd/4128844-0</subfield>
      <subfield code="0">(DE-101)041288440</subfield>
      <subfield code="D">s</subfield>
      <subfield code="a">Sammlung</subfield>
    </datafield>
    <datafield tag="689" ind1="0" ind2="5">
      <subfield code="A">f</subfield>
      <subfield code="a">Ausstellung 1999</subfield>
    </datafield>
    <datafield tag="689" ind1="0" ind2=" ">
      <subfield code="5">DE-101</subfield>
      <subfield code="5">DE-101</subfield>
    </datafield>
    <datafield tag="689" ind1="1" ind2="0">
      <subfield code="0">(DE-588)120668939</subfield>
      <subfield code="0">https://d-nb.info/gnd/120668939</subfield>
      <subfield code="0">(DE-101)120668939</subfield>
      <subfield code="D">p</subfield>
      <subfield code="a">Tatunz, L.</subfield>
      <subfield code="d">ca. 20. Jh.</subfield>
    </datafield>
    <datafield tag="689" ind1="1" ind2="1">
      <subfield code="0">(DE-588)4128844-0</subfield>
      <subfield code="0">https://d-nb.info/gnd/4128844-0</subfield>
      <subfield code="0">(DE-101)041288440</subfield>
      <subfield code="D">s</subfield>
      <subfield code="a">Sammlung</subfield>
    </datafield>
    <datafield tag="689" ind1="1" ind2="2">
      <subfield code="A">f</subfield>
      <subfield code="a">Ausstellung</subfield>
    </datafield>
    <datafield tag="689" ind1="1" ind2="3">
      <subfield code="A">g</subfield>
      <subfield code="a">Hannover &lt;1999></subfield>
    </datafield>
    <datafield tag="689" ind1="1" ind2=" ">
      <subfield code="5">DE-101</subfield>
      <subfield code="5">DE-101</subfield>
    </datafield>
    <datafield tag="689" ind1="2" ind2="0">
      <subfield code="0">(DE-588)120668947</subfield>
      <subfield code="0">https://d-nb.info/gnd/120668947</subfield>
      <subfield code="0">(DE-101)120668947</subfield>
      <subfield code="D">p</subfield>
      <subfield code="a">Tatunz, G.</subfield>
      <subfield code="d">ca. 20. Jh.</subfield>
    </datafield>
    <datafield tag="689" ind1="2" ind2="1">
      <subfield code="0">(DE-588)4128844-0</subfield>
      <subfield code="0">https://d-nb.info/gnd/4128844-0</subfield>
      <subfield code="0">(DE-101)041288440</subfield>
      <subfield code="D">s</subfield>
      <subfield code="a">Sammlung</subfield>
    </datafield>
    <datafield tag="689" ind1="2" ind2="2">
      <subfield code="A">f</subfield>
      <subfield code="a">Ausstellung</subfield>
    </datafield>
    <datafield tag="689" ind1="2" ind2="3">
      <subfield code="A">g</subfield>
      <subfield code="a">Hannover &lt;1999></subfield>
    </datafield>
    <datafield tag="689" ind1="2" ind2=" ">
      <subfield code="5">DE-101</subfield>
      <subfield code="5">DE-101</subfield>
    </datafield>
    <datafield tag="700" ind1="1" ind2=" ">
      <subfield code="0">(DE-588)118641999</subfield>
      <subfield code="0">https://d-nb.info/gnd/118641999</subfield>
      <subfield code="0">(DE-101)118641999</subfield>
      <subfield code="a">Rodčenko, Aleksandr Michajlovič</subfield>
      <subfield code="d">1891-1956</subfield>
      <subfield code="e">Illustrator</subfield>
      <subfield code="4">ill</subfield>
      <subfield code="2">gnd</subfield>
    </datafield>
    <datafield tag="700" ind1="1" ind2=" ">
      <subfield code="0">(DE-588)172856922</subfield>
      <subfield code="0">https://d-nb.info/gnd/172856922</subfield>
      <subfield code="0">(DE-101)172856922</subfield>
      <subfield code="a">Tupitsyn, Margarita</subfield>
      <subfield code="d">1955-</subfield>
      <subfield code="e">Mitwirkender</subfield>
      <subfield code="4">ctb</subfield>
      <subfield code="2">gnd</subfield>
    </datafield>
    <datafield tag="700" ind1="1" ind2=" ">
      <subfield code="8">1\p</subfield>
      <subfield code="a">Liesenfeld-Steinberg, Christel</subfield>
      <subfield code="e">Übersetzer</subfield>
      <subfield code="4">trl</subfield>
    </datafield>
    <datafield tag="710" ind1="2" ind2=" ">
      <subfield code="0">(DE-588)2083948-0</subfield>
      <subfield code="0">https://d-nb.info/gnd/2083948-0</subfield>
      <subfield code="0">(DE-101)007332122</subfield>
      <subfield code="a">Sprengel Museum Hannover</subfield>
      <subfield code="e">Herausgebendes Organ</subfield>
      <subfield code="4">isb</subfield>
      <subfield code="2">gnd</subfield>
    </datafield>
    <datafield tag="711" ind1="2" ind2=" ">
      <subfield code="0">(DE-588)2171574-9</subfield>
      <subfield code="0">https://d-nb.info/gnd/2171574-9</subfield>
      <subfield code="0">(DE-101)95411440X</subfield>
      <subfield code="a">Wanderausstellung Alexander Rodtschenko - Das Neue Moskau</subfield>
      <subfield code="d">1999 - 2000</subfield>
      <subfield code="c">Hannover u.a.</subfield>
      <subfield code="j">Herausgebendes Organ</subfield>
      <subfield code="4">isb</subfield>
      <subfield code="2">gnd</subfield>
    </datafield>
    <datafield tag="850" ind1=" " ind2=" ">
      <subfield code="a">DE-101a</subfield>
      <subfield code="a">DE-101b</subfield>
    </datafield>
    <datafield tag="883" ind1="2" ind2=" ">
      <subfield code="8">1\p</subfield>
      <subfield code="a">dnb</subfield>
      <subfield code="d">20200614</subfield>
      <subfield code="q">DE-101</subfield>
      <subfield code="u">https://d-nb.info/provenance/plan#dnb</subfield>
    </datafield>
    <datafield tag="925" ind1="r" ind2=" ">
      <subfield code="a">rb</subfield>
    </datafield>
  </record></recordData><recordPosition>303</recordPosition></record>