<record><recordSchema>MARC21-xml</recordSchema><recordPacking>xml</recordPacking><recordData><record xmlns="http://www.loc.gov/MARC21/slim" type="Bibliographic">
    <leader>00000nam a2200000 c 4500</leader>
    <controlfield tag="001">956824595</controlfield>
    <controlfield tag="003">DE-101</controlfield>
    <controlfield tag="005">20171203072216.0</controlfield>
    <controlfield tag="007">tu</controlfield>
    <controlfield tag="008">990705s1998    gw ||||| |||| 00||||ger  </controlfield>
    <datafield tag="015" ind1=" " ind2=" ">
      <subfield code="a">99,B34,0575</subfield>
      <subfield code="2">dnb</subfield>
    </datafield>
    <datafield tag="016" ind1="7" ind2=" ">
      <subfield code="2">DE-101</subfield>
      <subfield code="a">956824595</subfield>
    </datafield>
    <datafield tag="020" ind1=" " ind2=" ">
      <subfield code="a">9783930315161</subfield>
      <subfield code="c">pp.</subfield>
      <subfield code="9">978-3-930315-16-1</subfield>
    </datafield>
    <datafield tag="020" ind1=" " ind2=" ">
      <subfield code="a">3930315165</subfield>
      <subfield code="c">pp.</subfield>
      <subfield code="9">3-930315-16-5</subfield>
    </datafield>
    <datafield tag="035" ind1=" " ind2=" ">
      <subfield code="a">(DE-599)DNB956824595</subfield>
    </datafield>
    <datafield tag="035" ind1=" " ind2=" ">
      <subfield code="a">(OCoLC)845312342</subfield>
    </datafield>
    <datafield tag="035" ind1=" " ind2=" ">
      <subfield code="a">(OCoLC)75999838</subfield>
    </datafield>
    <datafield tag="040" ind1=" " ind2=" ">
      <subfield code="a">1140</subfield>
      <subfield code="b">ger</subfield>
      <subfield code="c">DE-101</subfield>
      <subfield code="d">9999</subfield>
    </datafield>
    <datafield tag="041" ind1=" " ind2=" ">
      <subfield code="a">ger</subfield>
    </datafield>
    <datafield tag="043" ind1=" " ind2=" ">
      <subfield code="c">XA-DE</subfield>
    </datafield>
    <datafield tag="044" ind1=" " ind2=" ">
      <subfield code="c">XA-DE</subfield>
    </datafield>
    <datafield tag="084" ind1=" " ind2=" ">
      <subfield code="a">46</subfield>
      <subfield code="a">700</subfield>
      <subfield code="a">730</subfield>
      <subfield code="a">740</subfield>
      <subfield code="a">750</subfield>
      <subfield code="a">760</subfield>
      <subfield code="q">DE-101</subfield>
      <subfield code="2">sdnb</subfield>
    </datafield>
    <datafield tag="084" ind1=" " ind2=" ">
      <subfield code="a">13.4p</subfield>
      <subfield code="a">13.3</subfield>
      <subfield code="q">DE-101</subfield>
      <subfield code="2">sswd</subfield>
    </datafield>
    <datafield tag="245" ind1="0" ind2="0">
      <subfield code="a">Sigrid Redhardt</subfield>
      <subfield code="b">Deutsches Klingenmuseum Solingen, 26.4. - 7.6.1998, Städtisches Museum Mülheim an der Ruhr, 18.6. - 9.8.1998, Sprengel-Museum Hannover, Frühjahr 1999</subfield>
      <subfield code="c">[Red. und Koordination Hans Knopper. Texte Gabriele Uelsberg ; Ulrich Krempel ; Hans Knopper]</subfield>
    </datafield>
    <datafield tag="264" ind1=" " ind2="1">
      <subfield code="a">Solingen</subfield>
      <subfield code="b">Dt. Klingenmuseum</subfield>
      <subfield code="c">1998</subfield>
    </datafield>
    <datafield tag="264" ind1=" " ind2="1">
      <subfield code="a">Mülheim an der Ruhr</subfield>
      <subfield code="b">Städtisches Museum</subfield>
      <subfield code="c">1998</subfield>
    </datafield>
    <datafield tag="264" ind1=" " ind2="1">
      <subfield code="a">Hannover</subfield>
      <subfield code="b">Sprengel-Museum</subfield>
      <subfield code="c">1998</subfield>
    </datafield>
    <datafield tag="300" ind1=" " ind2=" ">
      <subfield code="a">[46] S.</subfield>
      <subfield code="b">überw. Ill.</subfield>
      <subfield code="c">29 cm</subfield>
    </datafield>
    <datafield tag="336" ind1=" " ind2=" ">
      <subfield code="a">unbewegtes Bild</subfield>
      <subfield code="b">sti</subfield>
      <subfield code="2">rdacontent</subfield>
    </datafield>
    <datafield tag="337" ind1=" " ind2=" ">
      <subfield code="a">ohne Hilfsmittel zu benutzen</subfield>
      <subfield code="b">n</subfield>
      <subfield code="2">rdamedia</subfield>
    </datafield>
    <datafield tag="338" ind1=" " ind2=" ">
      <subfield code="a">Band</subfield>
      <subfield code="b">nc</subfield>
      <subfield code="2">rdacarrier</subfield>
    </datafield>
    <datafield tag="600" ind1="1" ind2="7">
      <subfield code="0">(DE-588)120511932</subfield>
      <subfield code="0">https://d-nb.info/gnd/120511932</subfield>
      <subfield code="0">(DE-101)120511932</subfield>
      <subfield code="a">Redhardt, Sigrid</subfield>
      <subfield code="d">1950-</subfield>
      <subfield code="9">rswk-swf</subfield>
      <subfield code="2">gnd</subfield>
    </datafield>
    <datafield tag="650" ind1=" " ind2="7">
      <subfield code="0">(DE-588)4037220-0</subfield>
      <subfield code="0">https://d-nb.info/gnd/4037220-0</subfield>
      <subfield code="0">(DE-101)040372200</subfield>
      <subfield code="a">Malerei</subfield>
      <subfield code="9">rswk-swf</subfield>
      <subfield code="2">gnd</subfield>
    </datafield>
    <datafield tag="655" ind1=" " ind2="7">
      <subfield code="0">(DE-588)4135467-9</subfield>
      <subfield code="0">https://d-nb.info/gnd/4135467-9</subfield>
      <subfield code="0">(DE-101)041354672</subfield>
      <subfield code="a">Ausstellungskatalog</subfield>
      <subfield code="y">1998</subfield>
      <subfield code="z">Solingen</subfield>
      <subfield code="2">gnd-content</subfield>
    </datafield>
    <datafield tag="655" ind1=" " ind2="7">
      <subfield code="a">Ausstellung</subfield>
      <subfield code="z">Solingen &lt;1998></subfield>
      <subfield code="9">rswk-swf</subfield>
      <subfield code="2">gnd</subfield>
    </datafield>
    <datafield tag="689" ind1="0" ind2="0">
      <subfield code="0">(DE-588)120511932</subfield>
      <subfield code="0">https://d-nb.info/gnd/120511932</subfield>
      <subfield code="0">(DE-101)120511932</subfield>
      <subfield code="D">p</subfield>
      <subfield code="a">Redhardt, Sigrid</subfield>
      <subfield code="d">1950-</subfield>
    </datafield>
    <datafield tag="689" ind1="0" ind2="1">
      <subfield code="0">(DE-588)4037220-0</subfield>
      <subfield code="0">https://d-nb.info/gnd/4037220-0</subfield>
      <subfield code="0">(DE-101)040372200</subfield>
      <subfield code="D">s</subfield>
      <subfield code="a">Malerei</subfield>
    </datafield>
    <datafield tag="689" ind1="0" ind2="2">
      <subfield code="A">f</subfield>
      <subfield code="a">Ausstellung</subfield>
    </datafield>
    <datafield tag="689" ind1="0" ind2="3">
      <subfield code="A">g</subfield>
      <subfield code="a">Solingen &lt;1998></subfield>
    </datafield>
    <datafield tag="689" ind1="0" ind2=" ">
      <subfield code="5">DE-101</subfield>
      <subfield code="5">DE-101</subfield>
    </datafield>
    <datafield tag="700" ind1="1" ind2=" ">
      <subfield code="0">(DE-588)120511932</subfield>
      <subfield code="0">https://d-nb.info/gnd/120511932</subfield>
      <subfield code="0">(DE-101)120511932</subfield>
      <subfield code="a">Redhardt, Sigrid</subfield>
      <subfield code="d">1950-</subfield>
      <subfield code="e">Illustrator</subfield>
      <subfield code="4">ill</subfield>
      <subfield code="2">gnd</subfield>
    </datafield>
    <datafield tag="700" ind1="1" ind2=" ">
      <subfield code="8">1\p</subfield>
      <subfield code="a">Knopper, Hans</subfield>
      <subfield code="e">Herausgeber</subfield>
      <subfield code="4">edt</subfield>
    </datafield>
    <datafield tag="700" ind1="1" ind2=" ">
      <subfield code="0">(DE-588)111032415</subfield>
      <subfield code="0">https://d-nb.info/gnd/111032415</subfield>
      <subfield code="0">(DE-101)111032415</subfield>
      <subfield code="a">Uelsberg, Gabriele</subfield>
      <subfield code="d">1955-</subfield>
      <subfield code="e">Mitwirkender</subfield>
      <subfield code="4">ctb</subfield>
      <subfield code="2">gnd</subfield>
    </datafield>
    <datafield tag="700" ind1="1" ind2=" ">
      <subfield code="0">(DE-588)11543089X</subfield>
      <subfield code="0">https://d-nb.info/gnd/11543089X</subfield>
      <subfield code="0">(DE-101)11543089X</subfield>
      <subfield code="a">Krempel, Ulrich</subfield>
      <subfield code="d">1948-</subfield>
      <subfield code="e">Mitwirkender</subfield>
      <subfield code="4">ctb</subfield>
      <subfield code="2">gnd</subfield>
    </datafield>
    <datafield tag="710" ind1="2" ind2=" ">
      <subfield code="0">(DE-588)2008946-6</subfield>
      <subfield code="0">https://d-nb.info/gnd/2008946-6</subfield>
      <subfield code="0">(DE-101)004686446</subfield>
      <subfield code="a">Deutsches Klingenmuseum</subfield>
      <subfield code="e">Herausgebendes Organ</subfield>
      <subfield code="4">isb</subfield>
      <subfield code="2">gnd</subfield>
    </datafield>
    <datafield tag="850" ind1=" " ind2=" ">
      <subfield code="a">DE-101a</subfield>
      <subfield code="a">DE-101b</subfield>
    </datafield>
    <datafield tag="883" ind1="2" ind2=" ">
      <subfield code="8">1\p</subfield>
      <subfield code="a">dnb</subfield>
      <subfield code="d">20200614</subfield>
      <subfield code="q">DE-101</subfield>
      <subfield code="u">https://d-nb.info/provenance/plan#dnb</subfield>
    </datafield>
    <datafield tag="925" ind1="r" ind2=" ">
      <subfield code="a">rb</subfield>
    </datafield>
  </record></recordData><recordPosition>315</recordPosition></record>