<record><recordSchema>MARC21-xml</recordSchema><recordPacking>xml</recordPacking><recordData><record xmlns="http://www.loc.gov/MARC21/slim" type="Bibliographic">
    <leader>00000nam a2200000 c 4500</leader>
    <controlfield tag="001">951423665</controlfield>
    <controlfield tag="003">DE-101</controlfield>
    <controlfield tag="005">20171203025739.0</controlfield>
    <controlfield tag="007">tu</controlfield>
    <controlfield tag="008">970903s1997    gw ||||| |||| 00||||ger  </controlfield>
    <datafield tag="015" ind1=" " ind2=" ">
      <subfield code="a">97,B42,0606</subfield>
      <subfield code="2">dnb</subfield>
    </datafield>
    <datafield tag="016" ind1="7" ind2=" ">
      <subfield code="2">DE-101</subfield>
      <subfield code="a">951423665</subfield>
    </datafield>
    <datafield tag="020" ind1=" " ind2=" ">
      <subfield code="a">9783891691137</subfield>
      <subfield code="c">Pp.</subfield>
      <subfield code="9">978-3-89169-113-7</subfield>
    </datafield>
    <datafield tag="020" ind1=" " ind2=" ">
      <subfield code="a">3891691130</subfield>
      <subfield code="c">Pp.</subfield>
      <subfield code="9">3-89169-113-0</subfield>
    </datafield>
    <datafield tag="035" ind1=" " ind2=" ">
      <subfield code="a">(DE-599)DNB951423665</subfield>
    </datafield>
    <datafield tag="035" ind1=" " ind2=" ">
      <subfield code="a">(OCoLC)231707853</subfield>
    </datafield>
    <datafield tag="035" ind1=" " ind2=" ">
      <subfield code="a">(OCoLC)722936505</subfield>
    </datafield>
    <datafield tag="040" ind1=" " ind2=" ">
      <subfield code="a">1240</subfield>
      <subfield code="b">ger</subfield>
      <subfield code="c">DE-101</subfield>
      <subfield code="d">9999</subfield>
    </datafield>
    <datafield tag="041" ind1=" " ind2=" ">
      <subfield code="a">ger</subfield>
      <subfield code="a">ita</subfield>
      <subfield code="h">ger</subfield>
    </datafield>
    <datafield tag="043" ind1=" " ind2=" ">
      <subfield code="c">XA-IT</subfield>
      <subfield code="c">XA-DE</subfield>
    </datafield>
    <datafield tag="044" ind1=" " ind2=" ">
      <subfield code="c">XA-DE</subfield>
    </datafield>
    <datafield tag="084" ind1=" " ind2=" ">
      <subfield code="a">46</subfield>
      <subfield code="a">700</subfield>
      <subfield code="a">730</subfield>
      <subfield code="a">740</subfield>
      <subfield code="a">750</subfield>
      <subfield code="a">760</subfield>
      <subfield code="q">DE-101</subfield>
      <subfield code="2">sdnb</subfield>
    </datafield>
    <datafield tag="084" ind1=" " ind2=" ">
      <subfield code="a">13.4p</subfield>
      <subfield code="a">13.3</subfield>
      <subfield code="q">DE-101</subfield>
      <subfield code="2">sswd</subfield>
    </datafield>
    <datafield tag="245" ind1="0" ind2="0">
      <subfield code="a">Max Peiffer Watenphul</subfield>
      <subfield code="b">21.11.1996 - 17.1.1997, Deutsche Akademie Villa Massimo Rom ; 18.2.1997 - 4.5.1997, Sprengel Museum Hannover</subfield>
      <subfield code="c">[Ausstellung/Katalog Ulrich Krempel ; Jürgen Schilling. Übers. Marina DiLieto ; Martina Kirchner]</subfield>
    </datafield>
    <datafield tag="264" ind1=" " ind2="1">
      <subfield code="a">Rom</subfield>
      <subfield code="b">Dt. Akad. Villa Massimo</subfield>
      <subfield code="c">1997</subfield>
    </datafield>
    <datafield tag="264" ind1=" " ind2="1">
      <subfield code="a">Hannover</subfield>
      <subfield code="b">Sprengel-Museum</subfield>
      <subfield code="c">1997</subfield>
    </datafield>
    <datafield tag="300" ind1=" " ind2=" ">
      <subfield code="a">102 S.</subfield>
      <subfield code="b">überw. Ill.</subfield>
      <subfield code="c">29 cm</subfield>
    </datafield>
    <datafield tag="336" ind1=" " ind2=" ">
      <subfield code="a">unbewegtes Bild</subfield>
      <subfield code="b">sti</subfield>
      <subfield code="2">rdacontent</subfield>
    </datafield>
    <datafield tag="337" ind1=" " ind2=" ">
      <subfield code="a">ohne Hilfsmittel zu benutzen</subfield>
      <subfield code="b">n</subfield>
      <subfield code="2">rdamedia</subfield>
    </datafield>
    <datafield tag="338" ind1=" " ind2=" ">
      <subfield code="a">Band</subfield>
      <subfield code="b">nc</subfield>
      <subfield code="2">rdacarrier</subfield>
    </datafield>
    <datafield tag="500" ind1=" " ind2=" ">
      <subfield code="a">Text dt. und ital.</subfield>
    </datafield>
    <datafield tag="600" ind1="1" ind2="7">
      <subfield code="0">(DE-588)118850326</subfield>
      <subfield code="0">https://d-nb.info/gnd/118850326</subfield>
      <subfield code="0">(DE-101)118850326</subfield>
      <subfield code="a">Peiffer Watenphul, Max</subfield>
      <subfield code="d">1896-1976</subfield>
      <subfield code="9">rswk-swf</subfield>
      <subfield code="2">gnd</subfield>
    </datafield>
    <datafield tag="650" ind1=" " ind2="7">
      <subfield code="0">(DE-588)4037220-0</subfield>
      <subfield code="0">https://d-nb.info/gnd/4037220-0</subfield>
      <subfield code="0">(DE-101)040372200</subfield>
      <subfield code="a">Malerei</subfield>
      <subfield code="9">rswk-swf</subfield>
      <subfield code="2">gnd</subfield>
    </datafield>
    <datafield tag="655" ind1=" " ind2="7">
      <subfield code="0">(DE-588)4135467-9</subfield>
      <subfield code="0">https://d-nb.info/gnd/4135467-9</subfield>
      <subfield code="0">(DE-101)041354672</subfield>
      <subfield code="a">Ausstellungskatalog</subfield>
      <subfield code="y">1997</subfield>
      <subfield code="z">Rom</subfield>
      <subfield code="2">gnd-content</subfield>
    </datafield>
    <datafield tag="655" ind1=" " ind2="7">
      <subfield code="a">Ausstellung</subfield>
      <subfield code="z">Rom &lt;1997></subfield>
      <subfield code="9">rswk-swf</subfield>
      <subfield code="2">gnd</subfield>
    </datafield>
    <datafield tag="689" ind1="0" ind2="0">
      <subfield code="0">(DE-588)118850326</subfield>
      <subfield code="0">https://d-nb.info/gnd/118850326</subfield>
      <subfield code="0">(DE-101)118850326</subfield>
      <subfield code="D">p</subfield>
      <subfield code="a">Peiffer Watenphul, Max</subfield>
      <subfield code="d">1896-1976</subfield>
    </datafield>
    <datafield tag="689" ind1="0" ind2="1">
      <subfield code="0">(DE-588)4037220-0</subfield>
      <subfield code="0">https://d-nb.info/gnd/4037220-0</subfield>
      <subfield code="0">(DE-101)040372200</subfield>
      <subfield code="D">s</subfield>
      <subfield code="a">Malerei</subfield>
    </datafield>
    <datafield tag="689" ind1="0" ind2="2">
      <subfield code="A">f</subfield>
      <subfield code="a">Ausstellung</subfield>
    </datafield>
    <datafield tag="689" ind1="0" ind2="3">
      <subfield code="A">g</subfield>
      <subfield code="a">Rom &lt;1997></subfield>
    </datafield>
    <datafield tag="689" ind1="0" ind2=" ">
      <subfield code="5">DE-101</subfield>
      <subfield code="5">DE-101</subfield>
    </datafield>
    <datafield tag="700" ind1="1" ind2=" ">
      <subfield code="0">(DE-588)11543089X</subfield>
      <subfield code="0">https://d-nb.info/gnd/11543089X</subfield>
      <subfield code="0">(DE-101)11543089X</subfield>
      <subfield code="a">Krempel, Ulrich</subfield>
      <subfield code="d">1948-</subfield>
      <subfield code="e">Mitwirkender</subfield>
      <subfield code="4">ctb</subfield>
      <subfield code="2">gnd</subfield>
    </datafield>
    <datafield tag="700" ind1="1" ind2=" ">
      <subfield code="0">(DE-588)134156595</subfield>
      <subfield code="0">https://d-nb.info/gnd/134156595</subfield>
      <subfield code="0">(DE-101)134156595</subfield>
      <subfield code="a">Schilling, Jürgen</subfield>
      <subfield code="d">1949-</subfield>
      <subfield code="e">Mitwirkender</subfield>
      <subfield code="4">ctb</subfield>
      <subfield code="2">gnd</subfield>
    </datafield>
    <datafield tag="700" ind1="1" ind2=" ">
      <subfield code="0">(DE-588)118850326</subfield>
      <subfield code="0">https://d-nb.info/gnd/118850326</subfield>
      <subfield code="0">(DE-101)118850326</subfield>
      <subfield code="a">Peiffer Watenphul, Max</subfield>
      <subfield code="d">1896-1976</subfield>
      <subfield code="e">Illustrator</subfield>
      <subfield code="4">ill</subfield>
      <subfield code="2">gnd</subfield>
    </datafield>
    <datafield tag="700" ind1="1" ind2=" ">
      <subfield code="8">1\p</subfield>
      <subfield code="a">Di Lieto, Marina</subfield>
      <subfield code="e">Übersetzer</subfield>
      <subfield code="4">trl</subfield>
    </datafield>
    <datafield tag="710" ind1="2" ind2=" ">
      <subfield code="0">(DE-588)2007770-1</subfield>
      <subfield code="0">https://d-nb.info/gnd/2007770-1</subfield>
      <subfield code="0">(DE-101)004676335</subfield>
      <subfield code="a">Deutsche Akademie Villa Massimo</subfield>
      <subfield code="e">Herausgebendes Organ</subfield>
      <subfield code="4">isb</subfield>
      <subfield code="2">gnd</subfield>
    </datafield>
    <datafield tag="850" ind1=" " ind2=" ">
      <subfield code="a">DE-101a</subfield>
      <subfield code="a">DE-101b</subfield>
    </datafield>
    <datafield tag="883" ind1="2" ind2=" ">
      <subfield code="8">1\p</subfield>
      <subfield code="a">dnb</subfield>
      <subfield code="d">20200614</subfield>
      <subfield code="q">DE-101</subfield>
      <subfield code="u">https://d-nb.info/provenance/plan#dnb</subfield>
    </datafield>
    <datafield tag="925" ind1="r" ind2=" ">
      <subfield code="a">rb</subfield>
    </datafield>
  </record></recordData><recordPosition>338</recordPosition></record>