<record><recordSchema>MARC21-xml</recordSchema><recordPacking>xml</recordPacking><recordData><record xmlns="http://www.loc.gov/MARC21/slim" type="Bibliographic">
    <leader>00000nam a2200000 c 4500</leader>
    <controlfield tag="001">948282746</controlfield>
    <controlfield tag="003">DE-101</controlfield>
    <controlfield tag="005">20171203000215.0</controlfield>
    <controlfield tag="007">tu</controlfield>
    <controlfield tag="008">960807s1997    gw ||||| |||| 00||||ger  </controlfield>
    <datafield tag="015" ind1=" " ind2=" ">
      <subfield code="a">97,A43,1116</subfield>
      <subfield code="2">dnb</subfield>
    </datafield>
    <datafield tag="016" ind1="7" ind2=" ">
      <subfield code="2">DE-101</subfield>
      <subfield code="a">948282746</subfield>
    </datafield>
    <datafield tag="020" ind1=" " ind2=" ">
      <subfield code="a">9783877067802</subfield>
      <subfield code="c">: DM 129.00, sfr 132.00, S 1006.00</subfield>
      <subfield code="9">978-3-87706-780-2</subfield>
    </datafield>
    <datafield tag="020" ind1=" " ind2=" ">
      <subfield code="a">3877067808</subfield>
      <subfield code="c">: DM 129.00, sfr 132.00, S 1006.00</subfield>
      <subfield code="9">3-87706-780-8</subfield>
    </datafield>
    <datafield tag="035" ind1=" " ind2=" ">
      <subfield code="a">(DE-599)DNB948282746</subfield>
    </datafield>
    <datafield tag="035" ind1=" " ind2=" ">
      <subfield code="a">(OCoLC)75776499</subfield>
    </datafield>
    <datafield tag="040" ind1=" " ind2=" ">
      <subfield code="a">1240</subfield>
      <subfield code="b">ger</subfield>
      <subfield code="c">DE-101</subfield>
      <subfield code="d">9999</subfield>
    </datafield>
    <datafield tag="041" ind1=" " ind2=" ">
      <subfield code="a">ger</subfield>
    </datafield>
    <datafield tag="043" ind1=" " ind2=" ">
      <subfield code="c">XA-CH</subfield>
      <subfield code="c">XA-DE-NI</subfield>
    </datafield>
    <datafield tag="044" ind1=" " ind2=" ">
      <subfield code="c">XA-DE</subfield>
    </datafield>
    <datafield tag="084" ind1=" " ind2=" ">
      <subfield code="a">46</subfield>
      <subfield code="a">02</subfield>
      <subfield code="a">700</subfield>
      <subfield code="a">730</subfield>
      <subfield code="a">740</subfield>
      <subfield code="a">750</subfield>
      <subfield code="a">760</subfield>
      <subfield code="q">DE-101</subfield>
      <subfield code="2">sdnb</subfield>
    </datafield>
    <datafield tag="084" ind1=" " ind2=" ">
      <subfield code="a">13.4p</subfield>
      <subfield code="a">6.8</subfield>
      <subfield code="a">13.1a</subfield>
      <subfield code="q">DE-101</subfield>
      <subfield code="2">sswd</subfield>
    </datafield>
    <datafield tag="245" ind1="0" ind2="0">
      <subfield code="a">Paul Klee</subfield>
      <subfield code="b">1879 - 1940 ; aus der Sammlung Sprengel-Museum Hannover</subfield>
      <subfield code="c">Konzeption und Entwicklung Sprengel-Museum Hannover (SMH) ... Projektleitung: Norbert Nobis. Programmierung Hans Freibichler ; Karin Kuhlmann</subfield>
    </datafield>
    <datafield tag="264" ind1=" " ind2="1">
      <subfield code="a">Hannover</subfield>
      <subfield code="b">Schlüter</subfield>
      <subfield code="c">1997</subfield>
    </datafield>
    <datafield tag="300" ind1=" " ind2=" ">
      <subfield code="a">1 CD-ROM</subfield>
      <subfield code="b">farb., mit Ton und Videosequenzen</subfield>
      <subfield code="c">12 cm, in Behältnis 22 x 15 x 2 cm</subfield>
      <subfield code="e">Begleith. (12 S. : Ill.)</subfield>
    </datafield>
    <datafield tag="336" ind1=" " ind2=" ">
      <subfield code="a">Text</subfield>
      <subfield code="b">txt</subfield>
      <subfield code="2">rdacontent</subfield>
    </datafield>
    <datafield tag="337" ind1=" " ind2=" ">
      <subfield code="a">Computermedien</subfield>
      <subfield code="b">c</subfield>
      <subfield code="2">rdamedia</subfield>
    </datafield>
    <datafield tag="338" ind1=" " ind2=" ">
      <subfield code="a">Computerdisk</subfield>
      <subfield code="b">cd</subfield>
      <subfield code="2">rdacarrier</subfield>
    </datafield>
    <datafield tag="490" ind1="1" ind2=" ">
      <subfield code="a">M-Art-Edition</subfield>
      <subfield code="v">No. 2</subfield>
    </datafield>
    <datafield tag="500" ind1=" " ind2=" ">
      <subfield code="a">Minimale Systemvoraussetzungen: 486 PC, 33 MHz; 8 MB Hauptspeicher, (16 MB empfohlen); WIN 3.1 oder höher, Video for Windows; CD-ROM-Laufwerk, double speed; Soundkarte 16 Bit, VGA-Grafikkarte 640 x 480 Pixel bei 256 Farben. - Systemvoraussetzungen (MPEG-Version): 486 PC, 100 MHz; 16 MB RAM; WIN 3.1 oder höher; CD-ROM-Laufwerk; Soundkarte 16 Bit, MPEG-Karte (getestet auf: SPEA Show Time Plus). - Titel auf dem Behältnis</subfield>
    </datafield>
    <datafield tag="600" ind1="1" ind2="7">
      <subfield code="0">(DE-588)118562827</subfield>
      <subfield code="0">https://d-nb.info/gnd/118562827</subfield>
      <subfield code="0">(DE-101)118562827</subfield>
      <subfield code="a">Klee, Paul</subfield>
      <subfield code="d">1879-1940</subfield>
      <subfield code="9">rswk-swf</subfield>
      <subfield code="2">gnd</subfield>
    </datafield>
    <datafield tag="610" ind1="2" ind2="7">
      <subfield code="0">(DE-588)2083948-0</subfield>
      <subfield code="0">https://d-nb.info/gnd/2083948-0</subfield>
      <subfield code="0">(DE-101)007332122</subfield>
      <subfield code="a">Sprengel Museum Hannover</subfield>
      <subfield code="9">rswk-swf</subfield>
      <subfield code="2">gnd</subfield>
    </datafield>
    <datafield tag="655" ind1=" " ind2="7">
      <subfield code="0">(DE-588)4139307-7</subfield>
      <subfield code="0">https://d-nb.info/gnd/4139307-7</subfield>
      <subfield code="0">(DE-101)041393074</subfield>
      <subfield code="a">CD-ROM</subfield>
      <subfield code="2">gnd-carrier</subfield>
    </datafield>
    <datafield tag="655" ind1=" " ind2="7">
      <subfield code="a">CD-ROM</subfield>
      <subfield code="9">rswk-swf</subfield>
      <subfield code="2">gnd</subfield>
    </datafield>
    <datafield tag="689" ind1="0" ind2="0">
      <subfield code="0">(DE-588)2083948-0</subfield>
      <subfield code="0">https://d-nb.info/gnd/2083948-0</subfield>
      <subfield code="0">(DE-101)007332122</subfield>
      <subfield code="D">b</subfield>
      <subfield code="a">Sprengel Museum Hannover</subfield>
    </datafield>
    <datafield tag="689" ind1="0" ind2="1">
      <subfield code="0">(DE-588)118562827</subfield>
      <subfield code="0">https://d-nb.info/gnd/118562827</subfield>
      <subfield code="0">(DE-101)118562827</subfield>
      <subfield code="D">p</subfield>
      <subfield code="a">Klee, Paul</subfield>
      <subfield code="d">1879-1940</subfield>
    </datafield>
    <datafield tag="689" ind1="0" ind2="2">
      <subfield code="A">f</subfield>
      <subfield code="a">CD-ROM</subfield>
    </datafield>
    <datafield tag="689" ind1="0" ind2=" ">
      <subfield code="5">DE-101</subfield>
      <subfield code="5">DE-101</subfield>
    </datafield>
    <datafield tag="700" ind1="1" ind2=" ">
      <subfield code="0">(DE-588)118562827</subfield>
      <subfield code="0">https://d-nb.info/gnd/118562827</subfield>
      <subfield code="0">(DE-101)118562827</subfield>
      <subfield code="a">Klee, Paul</subfield>
      <subfield code="d">1879-1940</subfield>
      <subfield code="e">Mitwirkender</subfield>
      <subfield code="4">ctb</subfield>
      <subfield code="2">gnd</subfield>
    </datafield>
    <datafield tag="700" ind1="1" ind2=" ">
      <subfield code="0">(DE-588)140825991</subfield>
      <subfield code="0">https://d-nb.info/gnd/140825991</subfield>
      <subfield code="0">(DE-101)140825991</subfield>
      <subfield code="a">Nobis, Norbert</subfield>
      <subfield code="d">1945-</subfield>
      <subfield code="e">Mitwirkender</subfield>
      <subfield code="4">ctb</subfield>
      <subfield code="2">gnd</subfield>
    </datafield>
    <datafield tag="710" ind1="2" ind2=" ">
      <subfield code="0">(DE-588)2083948-0</subfield>
      <subfield code="0">https://d-nb.info/gnd/2083948-0</subfield>
      <subfield code="0">(DE-101)007332122</subfield>
      <subfield code="a">Sprengel Museum Hannover</subfield>
      <subfield code="e">Herausgebendes Organ</subfield>
      <subfield code="4">isb</subfield>
      <subfield code="2">gnd</subfield>
    </datafield>
    <datafield tag="775" ind1="0" ind2="8">
      <subfield code="i">Parallele Sprachausgabe</subfield>
      <subfield code="n">Engl. Ausg.</subfield>
      <subfield code="t">Paul Klee</subfield>
      <subfield code="d">Hannover : Schlüter, 1997</subfield>
      <subfield code="h">1 CD-ROM, farb., mit Ton und Videosequenzen</subfield>
      <subfield code="w">(DE-101)951476815</subfield>
    </datafield>
    <datafield tag="830" ind1=" " ind2="0">
      <subfield code="a">M-Art-Edition</subfield>
      <subfield code="v">No. 2</subfield>
      <subfield code="w">(DE-101)947628819</subfield>
      <subfield code="w">(DE-600)2413856-3</subfield>
      <subfield code="9">12</subfield>
      <subfield code="7">as</subfield>
    </datafield>
    <datafield tag="850" ind1=" " ind2=" ">
      <subfield code="a">DE-101a</subfield>
      <subfield code="a">DE-101b</subfield>
    </datafield>
    <datafield tag="925" ind1="r" ind2=" ">
      <subfield code="a">ra</subfield>
    </datafield>
  </record></recordData><recordPosition>341</recordPosition></record>