<record><recordSchema>MARC21-xml</recordSchema><recordPacking>xml</recordPacking><recordData><record xmlns="http://www.loc.gov/MARC21/slim" type="Bibliographic">
    <leader>00000pam a2200000 c 4500</leader>
    <controlfield tag="001">952195313</controlfield>
    <controlfield tag="003">DE-101</controlfield>
    <controlfield tag="005">20171203033159.0</controlfield>
    <controlfield tag="007">tu</controlfield>
    <controlfield tag="008">971117s1997    gw ||||| |||| 10||||ger  </controlfield>
    <datafield tag="015" ind1=" " ind2=" ">
      <subfield code="a">98,A11,1107</subfield>
      <subfield code="z">97,N50,0603</subfield>
      <subfield code="2">dnb</subfield>
    </datafield>
    <datafield tag="016" ind1="7" ind2=" ">
      <subfield code="2">DE-101</subfield>
      <subfield code="a">952195313</subfield>
    </datafield>
    <datafield tag="020" ind1=" " ind2=" ">
      <subfield code="a">9783888142628</subfield>
      <subfield code="c">Gewebe : DM 98.00</subfield>
      <subfield code="9">978-3-88814-262-8</subfield>
    </datafield>
    <datafield tag="020" ind1=" " ind2=" ">
      <subfield code="a">3888142628</subfield>
      <subfield code="c">Gewebe : DM 98.00</subfield>
      <subfield code="9">3-88814-262-8</subfield>
    </datafield>
    <datafield tag="035" ind1=" " ind2=" ">
      <subfield code="a">(DE-599)DNB952195313</subfield>
    </datafield>
    <datafield tag="035" ind1=" " ind2=" ">
      <subfield code="a">(OCoLC)247684056</subfield>
    </datafield>
    <datafield tag="040" ind1=" " ind2=" ">
      <subfield code="a">1240</subfield>
      <subfield code="b">ger</subfield>
      <subfield code="c">DE-101</subfield>
      <subfield code="d">9999</subfield>
    </datafield>
    <datafield tag="041" ind1=" " ind2=" ">
      <subfield code="a">ger</subfield>
      <subfield code="h">eng</subfield>
    </datafield>
    <datafield tag="043" ind1=" " ind2=" ">
      <subfield code="c">XA-DE</subfield>
    </datafield>
    <datafield tag="044" ind1=" " ind2=" ">
      <subfield code="c">XA-DE</subfield>
    </datafield>
    <datafield tag="084" ind1=" " ind2=" ">
      <subfield code="a">47</subfield>
      <subfield code="a">770</subfield>
      <subfield code="q">DE-101</subfield>
      <subfield code="2">sdnb</subfield>
    </datafield>
    <datafield tag="084" ind1=" " ind2=" ">
      <subfield code="a">13.5p</subfield>
      <subfield code="a">13.5</subfield>
      <subfield code="q">DE-101</subfield>
      <subfield code="2">sswd</subfield>
    </datafield>
    <datafield tag="245" ind1="0" ind2="0">
      <subfield code="a">Thomas Struth, Portraits</subfield>
      <subfield code="b">Spectrum - internationaler Preis für Fotografie der Stiftung Niedersachsen ; [anläßlich der Ausstellung Spectrum - Internationaler Preis für Fotografie der Stiftung Niedersachsen, Thomas Struth/Portraits, Sprengel-Museum Hannover, 14.12.1997 bis 22.2.1998]</subfield>
      <subfield code="c">mit Texten von: Thomas Weski ; Norman Bryson ; Benjamin H. D. Buchloh. [Hrsg. von der Stiftung Niedersachsen. Den Text von Norman Bryson übers. Stephan Wetzel aus dem Engl.]</subfield>
    </datafield>
    <datafield tag="264" ind1=" " ind2="1">
      <subfield code="a">München</subfield>
      <subfield code="a">Paris</subfield>
      <subfield code="a">London</subfield>
      <subfield code="b">Schirmer/Mosel</subfield>
      <subfield code="c">1997</subfield>
    </datafield>
    <datafield tag="300" ind1=" " ind2=" ">
      <subfield code="a">189 S.</subfield>
      <subfield code="b">überw. Ill.</subfield>
      <subfield code="c">31 cm</subfield>
    </datafield>
    <datafield tag="336" ind1=" " ind2=" ">
      <subfield code="a">unbewegtes Bild</subfield>
      <subfield code="b">sti</subfield>
      <subfield code="2">rdacontent</subfield>
    </datafield>
    <datafield tag="337" ind1=" " ind2=" ">
      <subfield code="a">ohne Hilfsmittel zu benutzen</subfield>
      <subfield code="b">n</subfield>
      <subfield code="2">rdamedia</subfield>
    </datafield>
    <datafield tag="338" ind1=" " ind2=" ">
      <subfield code="a">Band</subfield>
      <subfield code="b">nc</subfield>
      <subfield code="2">rdacarrier</subfield>
    </datafield>
    <datafield tag="600" ind1="1" ind2="7">
      <subfield code="0">(DE-588)118840592</subfield>
      <subfield code="0">https://d-nb.info/gnd/118840592</subfield>
      <subfield code="0">(DE-101)118840592</subfield>
      <subfield code="a">Struth, Thomas</subfield>
      <subfield code="d">1954-</subfield>
      <subfield code="9">rswk-swf</subfield>
      <subfield code="2">gnd</subfield>
    </datafield>
    <datafield tag="650" ind1=" " ind2="7">
      <subfield code="0">(DE-588)4046840-9</subfield>
      <subfield code="0">https://d-nb.info/gnd/4046840-9</subfield>
      <subfield code="0">(DE-101)040468402</subfield>
      <subfield code="a">Porträtfotografie</subfield>
      <subfield code="9">rswk-swf</subfield>
      <subfield code="2">gnd</subfield>
    </datafield>
    <datafield tag="655" ind1=" " ind2="7">
      <subfield code="0">(DE-588)4135467-9</subfield>
      <subfield code="0">https://d-nb.info/gnd/4135467-9</subfield>
      <subfield code="0">(DE-101)041354672</subfield>
      <subfield code="a">Ausstellungskatalog</subfield>
      <subfield code="y">1997</subfield>
      <subfield code="z">Hannover</subfield>
      <subfield code="2">gnd-content</subfield>
    </datafield>
    <datafield tag="655" ind1=" " ind2="7">
      <subfield code="0">(DE-588)1071861417</subfield>
      <subfield code="0">https://d-nb.info/gnd/1071861417</subfield>
      <subfield code="0">(DE-101)1071861417</subfield>
      <subfield code="a">Konferenzschrift</subfield>
      <subfield code="2">gnd-content</subfield>
    </datafield>
    <datafield tag="655" ind1=" " ind2="7">
      <subfield code="a">Ausstellung</subfield>
      <subfield code="z">Hannover &lt;1997></subfield>
      <subfield code="9">rswk-swf</subfield>
      <subfield code="2">gnd</subfield>
    </datafield>
    <datafield tag="689" ind1="0" ind2="0">
      <subfield code="0">(DE-588)118840592</subfield>
      <subfield code="0">https://d-nb.info/gnd/118840592</subfield>
      <subfield code="0">(DE-101)118840592</subfield>
      <subfield code="D">p</subfield>
      <subfield code="a">Struth, Thomas</subfield>
      <subfield code="d">1954-</subfield>
    </datafield>
    <datafield tag="689" ind1="0" ind2="1">
      <subfield code="0">(DE-588)4046840-9</subfield>
      <subfield code="0">https://d-nb.info/gnd/4046840-9</subfield>
      <subfield code="0">(DE-101)040468402</subfield>
      <subfield code="D">s</subfield>
      <subfield code="a">Porträtfotografie</subfield>
    </datafield>
    <datafield tag="689" ind1="0" ind2="2">
      <subfield code="A">f</subfield>
      <subfield code="a">Ausstellung</subfield>
    </datafield>
    <datafield tag="689" ind1="0" ind2="3">
      <subfield code="A">g</subfield>
      <subfield code="a">Hannover &lt;1997></subfield>
    </datafield>
    <datafield tag="689" ind1="0" ind2=" ">
      <subfield code="5">DE-101</subfield>
      <subfield code="5">DE-101</subfield>
    </datafield>
    <datafield tag="700" ind1="1" ind2=" ">
      <subfield code="0">(DE-588)119093022</subfield>
      <subfield code="0">https://d-nb.info/gnd/119093022</subfield>
      <subfield code="0">(DE-101)119093022</subfield>
      <subfield code="a">Weski, Thomas</subfield>
      <subfield code="d">1953-</subfield>
      <subfield code="e">Mitwirkender</subfield>
      <subfield code="4">ctb</subfield>
      <subfield code="2">gnd</subfield>
    </datafield>
    <datafield tag="700" ind1="1" ind2=" ">
      <subfield code="0">(DE-588)133476936</subfield>
      <subfield code="0">https://d-nb.info/gnd/133476936</subfield>
      <subfield code="0">(DE-101)133476936</subfield>
      <subfield code="a">Bryson, Norman</subfield>
      <subfield code="d">1949-</subfield>
      <subfield code="e">Mitwirkender</subfield>
      <subfield code="4">ctb</subfield>
      <subfield code="2">gnd</subfield>
    </datafield>
    <datafield tag="700" ind1="1" ind2=" ">
      <subfield code="0">(DE-588)122729110</subfield>
      <subfield code="0">https://d-nb.info/gnd/122729110</subfield>
      <subfield code="0">(DE-101)122729110</subfield>
      <subfield code="a">Buchloh, Benjamin H. D.</subfield>
      <subfield code="d">1941-</subfield>
      <subfield code="e">Mitwirkender</subfield>
      <subfield code="4">ctb</subfield>
      <subfield code="2">gnd</subfield>
    </datafield>
    <datafield tag="700" ind1="1" ind2=" ">
      <subfield code="0">(DE-588)118840592</subfield>
      <subfield code="0">https://d-nb.info/gnd/118840592</subfield>
      <subfield code="0">(DE-101)118840592</subfield>
      <subfield code="a">Struth, Thomas</subfield>
      <subfield code="d">1954-</subfield>
      <subfield code="e">Illustrator</subfield>
      <subfield code="4">ill</subfield>
      <subfield code="2">gnd</subfield>
    </datafield>
    <datafield tag="710" ind1="2" ind2=" ">
      <subfield code="0">(DE-588)2098897-7</subfield>
      <subfield code="0">https://d-nb.info/gnd/2098897-7</subfield>
      <subfield code="0">(DE-101)007474938</subfield>
      <subfield code="a">Stiftung Niedersachsen</subfield>
      <subfield code="e">Herausgebendes Organ</subfield>
      <subfield code="4">isb</subfield>
      <subfield code="2">gnd</subfield>
    </datafield>
    <datafield tag="711" ind1="2" ind2=" ">
      <subfield code="0">(DE-588)2168447-9</subfield>
      <subfield code="0">https://d-nb.info/gnd/2168447-9</subfield>
      <subfield code="0">(DE-101)952825198</subfield>
      <subfield code="a">Ausstellung Spectrum - Internationaler Preis für Fotografie der Stiftung Niedersachsen, Thomas Struth, Portraits</subfield>
      <subfield code="d">1997 - 1998</subfield>
      <subfield code="c">Hannover</subfield>
      <subfield code="j">Herausgebendes Organ</subfield>
      <subfield code="4">isb</subfield>
      <subfield code="2">gnd</subfield>
    </datafield>
    <datafield tag="850" ind1=" " ind2=" ">
      <subfield code="a">DE-101a</subfield>
      <subfield code="a">DE-101b</subfield>
    </datafield>
    <datafield tag="925" ind1="r" ind2=" ">
      <subfield code="a">ra</subfield>
    </datafield>
  </record></recordData><recordPosition>348</recordPosition></record>