<record><recordSchema>MARC21-xml</recordSchema><recordPacking>xml</recordPacking><recordData><record xmlns="http://www.loc.gov/MARC21/slim" type="Bibliographic">
    <leader>00000nam a2200000 c 4500</leader>
    <controlfield tag="001">946904111</controlfield>
    <controlfield tag="003">DE-101</controlfield>
    <controlfield tag="005">20171202231344.0</controlfield>
    <controlfield tag="007">tu</controlfield>
    <controlfield tag="008">960220s1996    gw ||||| |||| 10||||ger  </controlfield>
    <datafield tag="015" ind1=" " ind2=" ">
      <subfield code="a">96,A14,1683</subfield>
      <subfield code="2">dnb</subfield>
    </datafield>
    <datafield tag="016" ind1="7" ind2=" ">
      <subfield code="2">DE-101</subfield>
      <subfield code="a">946904111</subfield>
    </datafield>
    <datafield tag="020" ind1=" " ind2=" ">
      <subfield code="a">9783931141172</subfield>
      <subfield code="c">Gewebe : DM 98.00</subfield>
      <subfield code="9">978-3-931141-17-2</subfield>
    </datafield>
    <datafield tag="020" ind1=" " ind2=" ">
      <subfield code="a">3931141179</subfield>
      <subfield code="c">Gewebe : DM 98.00</subfield>
      <subfield code="9">3-931141-17-9</subfield>
    </datafield>
    <datafield tag="035" ind1=" " ind2=" ">
      <subfield code="a">(DE-599)DNB946904111</subfield>
    </datafield>
    <datafield tag="035" ind1=" " ind2=" ">
      <subfield code="a">(OCoLC)75663166</subfield>
    </datafield>
    <datafield tag="040" ind1=" " ind2=" ">
      <subfield code="a">1140</subfield>
      <subfield code="b">ger</subfield>
      <subfield code="c">DE-101</subfield>
      <subfield code="d">9999</subfield>
    </datafield>
    <datafield tag="041" ind1=" " ind2=" ">
      <subfield code="a">ger</subfield>
    </datafield>
    <datafield tag="043" ind1=" " ind2=" ">
      <subfield code="c">XA-DE</subfield>
    </datafield>
    <datafield tag="044" ind1=" " ind2=" ">
      <subfield code="c">XA-DE</subfield>
    </datafield>
    <datafield tag="084" ind1=" " ind2=" ">
      <subfield code="a">47</subfield>
      <subfield code="a">770</subfield>
      <subfield code="q">DE-101</subfield>
      <subfield code="2">sdnb</subfield>
    </datafield>
    <datafield tag="084" ind1=" " ind2=" ">
      <subfield code="a">13.5p</subfield>
      <subfield code="q">DE-101</subfield>
      <subfield code="2">sswd</subfield>
    </datafield>
    <datafield tag="090" ind1=" " ind2=" ">
      <subfield code="a">b</subfield>
    </datafield>
    <datafield tag="245" ind1="0" ind2="0">
      <subfield code="a">Ein-heit</subfield>
      <subfield code="b">[Michael Schmidt ; erscheint zur Ausstellung Michael Schmidt: Ein-heit, The Museum of Modern Art, New York, 18. Januar - 26. März 1996 ; Sprengel-Museum Hannover, 26. Mai - 4. August 1996 ; Staatliche Kunstsammlungen Dresden, Gemäldegalerie Neue Meister, Albertinum Dresden, Frühjahr 1997]</subfield>
      <subfield code="c">[Hrsg.: Thomas Weski]</subfield>
    </datafield>
    <datafield tag="250" ind1=" " ind2=" ">
      <subfield code="a">1. Aufl.</subfield>
    </datafield>
    <datafield tag="264" ind1=" " ind2="1">
      <subfield code="a">Zürich</subfield>
      <subfield code="a">Berlin</subfield>
      <subfield code="a">New York</subfield>
      <subfield code="b">Scalo</subfield>
      <subfield code="c">1996</subfield>
    </datafield>
    <datafield tag="300" ind1=" " ind2=" ">
      <subfield code="a">312 S.</subfield>
      <subfield code="b">überw. Ill.</subfield>
      <subfield code="c">27 cm</subfield>
    </datafield>
    <datafield tag="336" ind1=" " ind2=" ">
      <subfield code="a">unbewegtes Bild</subfield>
      <subfield code="b">sti</subfield>
      <subfield code="2">rdacontent</subfield>
    </datafield>
    <datafield tag="337" ind1=" " ind2=" ">
      <subfield code="a">ohne Hilfsmittel zu benutzen</subfield>
      <subfield code="b">n</subfield>
      <subfield code="2">rdamedia</subfield>
    </datafield>
    <datafield tag="338" ind1=" " ind2=" ">
      <subfield code="a">Band</subfield>
      <subfield code="b">nc</subfield>
      <subfield code="2">rdacarrier</subfield>
    </datafield>
    <datafield tag="490" ind1="0" ind2=" ">
      <subfield code="a">Siemens-Kulturprogramm</subfield>
    </datafield>
    <datafield tag="600" ind1="1" ind2="7">
      <subfield code="0">(DE-588)118826840</subfield>
      <subfield code="0">https://d-nb.info/gnd/118826840</subfield>
      <subfield code="0">(DE-101)118826840</subfield>
      <subfield code="a">Schmidt, Michael</subfield>
      <subfield code="d">1945-2014</subfield>
      <subfield code="9">rswk-swf</subfield>
      <subfield code="2">gnd</subfield>
    </datafield>
    <datafield tag="650" ind1=" " ind2="7">
      <subfield code="0">(DE-588)4045895-7</subfield>
      <subfield code="0">https://d-nb.info/gnd/4045895-7</subfield>
      <subfield code="0">(DE-101)040458954</subfield>
      <subfield code="a">Fotografie</subfield>
      <subfield code="9">rswk-swf</subfield>
      <subfield code="2">gnd</subfield>
    </datafield>
    <datafield tag="655" ind1=" " ind2="7">
      <subfield code="0">(DE-588)4135467-9</subfield>
      <subfield code="0">https://d-nb.info/gnd/4135467-9</subfield>
      <subfield code="0">(DE-101)041354672</subfield>
      <subfield code="a">Ausstellungskatalog</subfield>
      <subfield code="y">1996</subfield>
      <subfield code="z">New York (NY)</subfield>
      <subfield code="2">gnd-content</subfield>
    </datafield>
    <datafield tag="655" ind1=" " ind2="7">
      <subfield code="0">(DE-588)1071861417</subfield>
      <subfield code="0">https://d-nb.info/gnd/1071861417</subfield>
      <subfield code="0">(DE-101)1071861417</subfield>
      <subfield code="a">Konferenzschrift</subfield>
      <subfield code="2">gnd-content</subfield>
    </datafield>
    <datafield tag="655" ind1=" " ind2="7">
      <subfield code="a">Ausstellung</subfield>
      <subfield code="z">New York &lt;NY, 1996></subfield>
      <subfield code="9">rswk-swf</subfield>
      <subfield code="2">gnd</subfield>
    </datafield>
    <datafield tag="689" ind1="0" ind2="0">
      <subfield code="0">(DE-588)118826840</subfield>
      <subfield code="0">https://d-nb.info/gnd/118826840</subfield>
      <subfield code="0">(DE-101)118826840</subfield>
      <subfield code="D">p</subfield>
      <subfield code="a">Schmidt, Michael</subfield>
      <subfield code="d">1945-2014</subfield>
    </datafield>
    <datafield tag="689" ind1="0" ind2="1">
      <subfield code="0">(DE-588)4045895-7</subfield>
      <subfield code="0">https://d-nb.info/gnd/4045895-7</subfield>
      <subfield code="0">(DE-101)040458954</subfield>
      <subfield code="D">s</subfield>
      <subfield code="a">Fotografie</subfield>
    </datafield>
    <datafield tag="689" ind1="0" ind2="2">
      <subfield code="A">f</subfield>
      <subfield code="a">Ausstellung</subfield>
    </datafield>
    <datafield tag="689" ind1="0" ind2="3">
      <subfield code="A">g</subfield>
      <subfield code="a">New York &lt;NY, 1996></subfield>
    </datafield>
    <datafield tag="689" ind1="0" ind2=" ">
      <subfield code="5">DE-101</subfield>
      <subfield code="5">DE-101</subfield>
    </datafield>
    <datafield tag="700" ind1="1" ind2=" ">
      <subfield code="0">(DE-588)119093022</subfield>
      <subfield code="0">https://d-nb.info/gnd/119093022</subfield>
      <subfield code="0">(DE-101)119093022</subfield>
      <subfield code="a">Weski, Thomas</subfield>
      <subfield code="d">1953-</subfield>
      <subfield code="e">Herausgeber</subfield>
      <subfield code="4">edt</subfield>
      <subfield code="2">gnd</subfield>
    </datafield>
    <datafield tag="710" ind1="2" ind2=" ">
      <subfield code="0">(DE-588)1007559-8</subfield>
      <subfield code="0">https://d-nb.info/gnd/1007559-8</subfield>
      <subfield code="0">(DE-101)004042204</subfield>
      <subfield code="a">&#152;The&#156; Museum of Modern Art</subfield>
      <subfield code="g">New York, NY</subfield>
      <subfield code="e">Herausgebendes Organ</subfield>
      <subfield code="4">isb</subfield>
      <subfield code="2">gnd</subfield>
    </datafield>
    <datafield tag="711" ind1="2" ind2=" ">
      <subfield code="0">(DE-588)2154315-X</subfield>
      <subfield code="0">https://d-nb.info/gnd/2154315-X</subfield>
      <subfield code="0">(DE-101)946903891</subfield>
      <subfield code="a">Exhibition Michael Schmidt: U-NI-TY</subfield>
      <subfield code="d">1996 - 1997</subfield>
      <subfield code="c">New York, NY u.a.</subfield>
      <subfield code="j">Herausgebendes Organ</subfield>
      <subfield code="4">isb</subfield>
      <subfield code="2">gnd</subfield>
    </datafield>
    <datafield tag="850" ind1=" " ind2=" ">
      <subfield code="a">DE-101a</subfield>
      <subfield code="a">DE-101b</subfield>
    </datafield>
    <datafield tag="925" ind1="r" ind2=" ">
      <subfield code="a">ra</subfield>
    </datafield>
  </record></recordData><recordPosition>356</recordPosition></record>