<record><recordSchema>MARC21-xml</recordSchema><recordPacking>xml</recordPacking><recordData><record xmlns="http://www.loc.gov/MARC21/slim" type="Bibliographic">
    <leader>00000nam a2200000 c 4500</leader>
    <controlfield tag="001">947130055</controlfield>
    <controlfield tag="003">DE-101</controlfield>
    <controlfield tag="005">20240724123626.0</controlfield>
    <controlfield tag="007">tu</controlfield>
    <controlfield tag="008">960318s1996    gw ||||| |||| 00||||ger  </controlfield>
    <datafield tag="015" ind1=" " ind2=" ">
      <subfield code="a">96,B18,0626</subfield>
      <subfield code="2">dnb</subfield>
    </datafield>
    <datafield tag="016" ind1="7" ind2=" ">
      <subfield code="2">DE-101</subfield>
      <subfield code="a">947130055</subfield>
    </datafield>
    <datafield tag="020" ind1=" " ind2=" ">
      <subfield code="a">9783893228362</subfield>
      <subfield code="q">Cantz</subfield>
      <subfield code="c">kart.</subfield>
      <subfield code="9">978-3-89322-836-2</subfield>
    </datafield>
    <datafield tag="020" ind1=" " ind2=" ">
      <subfield code="a">3893228365</subfield>
      <subfield code="q">Cantz</subfield>
      <subfield code="c">kart.</subfield>
      <subfield code="9">3-89322-836-5</subfield>
    </datafield>
    <datafield tag="035" ind1=" " ind2=" ">
      <subfield code="a">(DE-599)DNB947130055</subfield>
    </datafield>
    <datafield tag="035" ind1=" " ind2=" ">
      <subfield code="a">(OCoLC)312804808</subfield>
    </datafield>
    <datafield tag="040" ind1=" " ind2=" ">
      <subfield code="a">1240</subfield>
      <subfield code="b">ger</subfield>
      <subfield code="c">DE-101</subfield>
      <subfield code="d">0292</subfield>
    </datafield>
    <datafield tag="041" ind1=" " ind2=" ">
      <subfield code="a">ger</subfield>
      <subfield code="a">eng</subfield>
      <subfield code="a">fre</subfield>
    </datafield>
    <datafield tag="043" ind1=" " ind2=" ">
      <subfield code="c">XA-BE</subfield>
      <subfield code="c">XA-BE</subfield>
    </datafield>
    <datafield tag="044" ind1=" " ind2=" ">
      <subfield code="c">XA-DE</subfield>
    </datafield>
    <datafield tag="084" ind1=" " ind2=" ">
      <subfield code="a">46</subfield>
      <subfield code="a">03</subfield>
      <subfield code="a">700</subfield>
      <subfield code="a">730</subfield>
      <subfield code="a">740</subfield>
      <subfield code="a">750</subfield>
      <subfield code="a">760</subfield>
      <subfield code="q">DE-101</subfield>
      <subfield code="2">sdnb</subfield>
    </datafield>
    <datafield tag="084" ind1=" " ind2=" ">
      <subfield code="a">13.4p</subfield>
      <subfield code="a">13.7p</subfield>
      <subfield code="a">13.4</subfield>
      <subfield code="a">13.4p</subfield>
      <subfield code="a">13.7p</subfield>
      <subfield code="a">13.4</subfield>
      <subfield code="q">DE-101</subfield>
      <subfield code="2">sswd</subfield>
    </datafield>
    <datafield tag="245" ind1="0" ind2="0">
      <subfield code="a">Marcel Broodthaers</subfield>
      <subfield code="b">Katalog der Editionen - Graphik und Bücher ; Sprengel-Museum Hannover (20.2. - 5.5.1996) ; Städtische Galerie Göppingen (16.6. - 21.7.1996)</subfield>
      <subfield code="c">[Ausstellung und Katalog: Nobert Nobis ; Werner Meyer. Mitarb.: Heidrun Patzner ; Wolfgang Schöddert. Übers.: John Brogden ...]</subfield>
    </datafield>
    <datafield tag="264" ind1=" " ind2="1">
      <subfield code="a">Hannover</subfield>
      <subfield code="b">Sprengel-Museum</subfield>
      <subfield code="c">1996</subfield>
    </datafield>
    <datafield tag="300" ind1=" " ind2=" ">
      <subfield code="a">99 S.</subfield>
      <subfield code="b">zahlr. Ill.</subfield>
      <subfield code="c">30 cm</subfield>
    </datafield>
    <datafield tag="336" ind1=" " ind2=" ">
      <subfield code="a">Text</subfield>
      <subfield code="b">txt</subfield>
      <subfield code="2">rdacontent</subfield>
    </datafield>
    <datafield tag="336" ind1=" " ind2=" ">
      <subfield code="a">unbewegtes Bild</subfield>
      <subfield code="b">sti</subfield>
      <subfield code="2">rdacontent</subfield>
    </datafield>
    <datafield tag="337" ind1=" " ind2=" ">
      <subfield code="a">ohne Hilfsmittel zu benutzen</subfield>
      <subfield code="b">n</subfield>
      <subfield code="2">rdamedia</subfield>
    </datafield>
    <datafield tag="338" ind1=" " ind2=" ">
      <subfield code="a">Band</subfield>
      <subfield code="b">nc</subfield>
      <subfield code="2">rdacarrier</subfield>
    </datafield>
    <datafield tag="500" ind1=" " ind2=" ">
      <subfield code="a">Bibliogr., Literaturverz. und Filmogr. S. 90 - 99. - Text dt., engl. und franz.</subfield>
    </datafield>
    <datafield tag="600" ind1="1" ind2="7">
      <subfield code="0">(DE-588)118515705</subfield>
      <subfield code="0">https://d-nb.info/gnd/118515705</subfield>
      <subfield code="0">(DE-101)118515705</subfield>
      <subfield code="a">Broodthaers, Marcel</subfield>
      <subfield code="d">1924-1976</subfield>
      <subfield code="9">rswk-swf</subfield>
      <subfield code="2">gnd</subfield>
    </datafield>
    <datafield tag="600" ind1="1" ind2="7">
      <subfield code="0">(DE-588)118515705</subfield>
      <subfield code="0">https://d-nb.info/gnd/118515705</subfield>
      <subfield code="0">(DE-101)118515705</subfield>
      <subfield code="a">Broodthaers, Marcel</subfield>
      <subfield code="d">1924-1976</subfield>
      <subfield code="9">rswk-swf</subfield>
      <subfield code="2">gnd</subfield>
    </datafield>
    <datafield tag="650" ind1=" " ind2="7">
      <subfield code="0">(DE-588)4113357-2</subfield>
      <subfield code="0">https://d-nb.info/gnd/4113357-2</subfield>
      <subfield code="0">(DE-101)041133579</subfield>
      <subfield code="a">Druckgrafik</subfield>
      <subfield code="9">rswk-swf</subfield>
      <subfield code="2">gnd</subfield>
    </datafield>
    <datafield tag="650" ind1=" " ind2="7">
      <subfield code="0">(DE-588)4132033-5</subfield>
      <subfield code="0">https://d-nb.info/gnd/4132033-5</subfield>
      <subfield code="0">(DE-101)041320336</subfield>
      <subfield code="a">Edition</subfield>
      <subfield code="9">rswk-swf</subfield>
      <subfield code="2">gnd</subfield>
    </datafield>
    <datafield tag="650" ind1=" " ind2="7">
      <subfield code="0">(DE-588)4113357-2</subfield>
      <subfield code="0">https://d-nb.info/gnd/4113357-2</subfield>
      <subfield code="0">(DE-101)041133579</subfield>
      <subfield code="a">Druckgrafik</subfield>
      <subfield code="9">rswk-swf</subfield>
      <subfield code="2">gnd</subfield>
    </datafield>
    <datafield tag="650" ind1=" " ind2="7">
      <subfield code="0">(DE-588)4132033-5</subfield>
      <subfield code="0">https://d-nb.info/gnd/4132033-5</subfield>
      <subfield code="0">(DE-101)041320336</subfield>
      <subfield code="a">Edition</subfield>
      <subfield code="9">rswk-swf</subfield>
      <subfield code="2">gnd</subfield>
    </datafield>
    <datafield tag="655" ind1=" " ind2="7">
      <subfield code="0">(DE-588)4189680-4</subfield>
      <subfield code="0">https://d-nb.info/gnd/4189680-4</subfield>
      <subfield code="0">(DE-101)041896807</subfield>
      <subfield code="a">Werkverzeichnis</subfield>
      <subfield code="2">gnd-content</subfield>
    </datafield>
    <datafield tag="655" ind1=" " ind2="7">
      <subfield code="0">(DE-588)4135467-9</subfield>
      <subfield code="0">https://d-nb.info/gnd/4135467-9</subfield>
      <subfield code="0">(DE-101)041354672</subfield>
      <subfield code="a">Ausstellungskatalog</subfield>
      <subfield code="y">1996</subfield>
      <subfield code="z">Hannover</subfield>
      <subfield code="2">gnd-content</subfield>
    </datafield>
    <datafield tag="655" ind1=" " ind2="7">
      <subfield code="a">Werkverzeichnis</subfield>
      <subfield code="9">rswk-swf</subfield>
      <subfield code="2">gnd</subfield>
    </datafield>
    <datafield tag="655" ind1=" " ind2="7">
      <subfield code="a">Ausstellung</subfield>
      <subfield code="z">Hannover &lt;1996></subfield>
      <subfield code="9">rswk-swf</subfield>
      <subfield code="2">gnd</subfield>
    </datafield>
    <datafield tag="689" ind1="0" ind2="0">
      <subfield code="0">(DE-588)118515705</subfield>
      <subfield code="0">https://d-nb.info/gnd/118515705</subfield>
      <subfield code="0">(DE-101)118515705</subfield>
      <subfield code="D">p</subfield>
      <subfield code="a">Broodthaers, Marcel</subfield>
      <subfield code="d">1924-1976</subfield>
    </datafield>
    <datafield tag="689" ind1="0" ind2="1">
      <subfield code="0">(DE-588)4113357-2</subfield>
      <subfield code="0">https://d-nb.info/gnd/4113357-2</subfield>
      <subfield code="0">(DE-101)041133579</subfield>
      <subfield code="D">s</subfield>
      <subfield code="a">Druckgrafik</subfield>
    </datafield>
    <datafield tag="689" ind1="0" ind2="2">
      <subfield code="0">(DE-588)4132033-5</subfield>
      <subfield code="0">https://d-nb.info/gnd/4132033-5</subfield>
      <subfield code="0">(DE-101)041320336</subfield>
      <subfield code="D">s</subfield>
      <subfield code="a">Edition</subfield>
    </datafield>
    <datafield tag="689" ind1="0" ind2="3">
      <subfield code="A">f</subfield>
      <subfield code="a">Werkverzeichnis</subfield>
    </datafield>
    <datafield tag="689" ind1="0" ind2=" ">
      <subfield code="5">DE-101</subfield>
      <subfield code="5">DE-101</subfield>
    </datafield>
    <datafield tag="689" ind1="1" ind2="0">
      <subfield code="0">(DE-588)118515705</subfield>
      <subfield code="0">https://d-nb.info/gnd/118515705</subfield>
      <subfield code="0">(DE-101)118515705</subfield>
      <subfield code="D">p</subfield>
      <subfield code="a">Broodthaers, Marcel</subfield>
      <subfield code="d">1924-1976</subfield>
    </datafield>
    <datafield tag="689" ind1="1" ind2="1">
      <subfield code="0">(DE-588)4113357-2</subfield>
      <subfield code="0">https://d-nb.info/gnd/4113357-2</subfield>
      <subfield code="0">(DE-101)041133579</subfield>
      <subfield code="D">s</subfield>
      <subfield code="a">Druckgrafik</subfield>
    </datafield>
    <datafield tag="689" ind1="1" ind2="2">
      <subfield code="0">(DE-588)4132033-5</subfield>
      <subfield code="0">https://d-nb.info/gnd/4132033-5</subfield>
      <subfield code="0">(DE-101)041320336</subfield>
      <subfield code="D">s</subfield>
      <subfield code="a">Edition</subfield>
    </datafield>
    <datafield tag="689" ind1="1" ind2="3">
      <subfield code="A">f</subfield>
      <subfield code="a">Ausstellung</subfield>
    </datafield>
    <datafield tag="689" ind1="1" ind2="4">
      <subfield code="A">g</subfield>
      <subfield code="a">Hannover &lt;1996></subfield>
    </datafield>
    <datafield tag="689" ind1="1" ind2=" ">
      <subfield code="5">DE-101</subfield>
      <subfield code="5">DE-101</subfield>
    </datafield>
    <datafield tag="700" ind1="1" ind2=" ">
      <subfield code="0">(DE-588)118515705</subfield>
      <subfield code="0">https://d-nb.info/gnd/118515705</subfield>
      <subfield code="0">(DE-101)118515705</subfield>
      <subfield code="a">Broodthaers, Marcel</subfield>
      <subfield code="d">1924-1976</subfield>
      <subfield code="e">Illustrator</subfield>
      <subfield code="4">ill</subfield>
      <subfield code="2">gnd</subfield>
    </datafield>
    <datafield tag="700" ind1="1" ind2=" ">
      <subfield code="0">(DE-588)140825991</subfield>
      <subfield code="0">https://d-nb.info/gnd/140825991</subfield>
      <subfield code="0">(DE-101)140825991</subfield>
      <subfield code="a">Nobis, Norbert</subfield>
      <subfield code="d">1945-</subfield>
      <subfield code="e">Mitwirkender</subfield>
      <subfield code="4">ctb</subfield>
      <subfield code="2">gnd</subfield>
    </datafield>
    <datafield tag="700" ind1="1" ind2=" ">
      <subfield code="0">(DE-588)120379201</subfield>
      <subfield code="0">https://d-nb.info/gnd/120379201</subfield>
      <subfield code="0">(DE-101)120379201</subfield>
      <subfield code="a">Meyer, Werner</subfield>
      <subfield code="d">1953-</subfield>
      <subfield code="e">Mitwirkender</subfield>
      <subfield code="4">ctb</subfield>
      <subfield code="2">gnd</subfield>
    </datafield>
    <datafield tag="700" ind1="1" ind2=" ">
      <subfield code="8">1\p</subfield>
      <subfield code="a">Brodgen, John</subfield>
      <subfield code="e">Übersetzer</subfield>
      <subfield code="4">trl</subfield>
    </datafield>
    <datafield tag="710" ind1="2" ind2=" ">
      <subfield code="0">(DE-588)2083948-0</subfield>
      <subfield code="0">https://d-nb.info/gnd/2083948-0</subfield>
      <subfield code="0">(DE-101)007332122</subfield>
      <subfield code="a">Sprengel Museum Hannover</subfield>
      <subfield code="e">Herausgebendes Organ</subfield>
      <subfield code="4">isb</subfield>
      <subfield code="2">gnd</subfield>
    </datafield>
    <datafield tag="850" ind1=" " ind2=" ">
      <subfield code="a">DE-101a</subfield>
      <subfield code="a">DE-101b</subfield>
    </datafield>
    <datafield tag="856" ind1="4" ind2="2">
      <subfield code="m">B:DE-101</subfield>
      <subfield code="q">application/pdf</subfield>
      <subfield code="u">https://d-nb.info/947130055/04</subfield>
      <subfield code="3">Inhaltsverzeichnis</subfield>
    </datafield>
    <datafield tag="883" ind1="2" ind2=" ">
      <subfield code="8">1\p</subfield>
      <subfield code="a">dnb</subfield>
      <subfield code="d">20200613</subfield>
      <subfield code="q">DE-101</subfield>
      <subfield code="u">https://d-nb.info/provenance/plan#dnb</subfield>
    </datafield>
    <datafield tag="925" ind1="r" ind2=" ">
      <subfield code="a">rb</subfield>
    </datafield>
  </record></recordData><recordPosition>371</recordPosition></record>