<record><recordSchema>MARC21-xml</recordSchema><recordPacking>xml</recordPacking><recordData><record xmlns="http://www.loc.gov/MARC21/slim" type="Bibliographic">
    <leader>00000nam a2200000 c 4500</leader>
    <controlfield tag="001">946446555</controlfield>
    <controlfield tag="003">DE-101</controlfield>
    <controlfield tag="005">20260105194610.0</controlfield>
    <controlfield tag="007">tu</controlfield>
    <controlfield tag="008">960103s1995    gw ||||| |||| 00||||ger  </controlfield>
    <datafield tag="015" ind1=" " ind2=" ">
      <subfield code="a">96,A08,1552</subfield>
      <subfield code="2">dnb</subfield>
    </datafield>
    <datafield tag="016" ind1="7" ind2=" ">
      <subfield code="2">DE-101</subfield>
      <subfield code="a">946446555</subfield>
    </datafield>
    <datafield tag="020" ind1=" " ind2=" ">
      <subfield code="a">9783893222971</subfield>
      <subfield code="c">kart. : DM 19.80</subfield>
      <subfield code="9">978-3-89322-297-1</subfield>
    </datafield>
    <datafield tag="020" ind1=" " ind2=" ">
      <subfield code="a">3893222979</subfield>
      <subfield code="c">kart. : DM 19.80</subfield>
      <subfield code="9">3-89322-297-9</subfield>
    </datafield>
    <datafield tag="035" ind1=" " ind2=" ">
      <subfield code="a">(DE-599)DNB946446555</subfield>
    </datafield>
    <datafield tag="035" ind1=" " ind2=" ">
      <subfield code="a">(OCoLC)246964671</subfield>
    </datafield>
    <datafield tag="040" ind1=" " ind2=" ">
      <subfield code="a">1240</subfield>
      <subfield code="b">ger</subfield>
      <subfield code="c">DE-101</subfield>
      <subfield code="d">9999</subfield>
    </datafield>
    <datafield tag="041" ind1=" " ind2=" ">
      <subfield code="a">ger</subfield>
    </datafield>
    <datafield tag="043" ind1=" " ind2=" ">
      <subfield code="c">XD-US</subfield>
      <subfield code="c">XD-US</subfield>
    </datafield>
    <datafield tag="044" ind1=" " ind2=" ">
      <subfield code="c">XA-DE</subfield>
    </datafield>
    <datafield tag="084" ind1=" " ind2=" ">
      <subfield code="a">46</subfield>
      <subfield code="a">47</subfield>
      <subfield code="a">700</subfield>
      <subfield code="a">730</subfield>
      <subfield code="a">740</subfield>
      <subfield code="a">750</subfield>
      <subfield code="a">760</subfield>
      <subfield code="q">DE-101</subfield>
      <subfield code="2">sdnb</subfield>
    </datafield>
    <datafield tag="084" ind1=" " ind2=" ">
      <subfield code="a">13.7p</subfield>
      <subfield code="a">13.7p</subfield>
      <subfield code="q">DE-101</subfield>
      <subfield code="2">sswd</subfield>
    </datafield>
    <datafield tag="245" ind1="0" ind2="0">
      <subfield code="a">McCollum - Simmons</subfield>
      <subfield code="b">actual photos ; [erscheint anlässlich der Ausstellung im Sprengel-Museum Hannover vom 10. Dezember 1995 bis 4. Februar 1996 und im Kunstraum München vom 15. März bis 18. Mai 1996]</subfield>
      <subfield code="c">[Red. Dietmar Elger]</subfield>
    </datafield>
    <datafield tag="264" ind1=" " ind2="1">
      <subfield code="a">Ostfildern</subfield>
      <subfield code="b">Cantz</subfield>
      <subfield code="c">1995</subfield>
    </datafield>
    <datafield tag="300" ind1=" " ind2=" ">
      <subfield code="a">62 S.</subfield>
      <subfield code="b">überw. Ill.</subfield>
      <subfield code="c">20 cm</subfield>
    </datafield>
    <datafield tag="336" ind1=" " ind2=" ">
      <subfield code="a">unbewegtes Bild</subfield>
      <subfield code="b">sti</subfield>
      <subfield code="2">rdacontent</subfield>
    </datafield>
    <datafield tag="337" ind1=" " ind2=" ">
      <subfield code="a">ohne Hilfsmittel zu benutzen</subfield>
      <subfield code="b">n</subfield>
      <subfield code="2">rdamedia</subfield>
    </datafield>
    <datafield tag="338" ind1=" " ind2=" ">
      <subfield code="a">Band</subfield>
      <subfield code="b">nc</subfield>
      <subfield code="2">rdacarrier</subfield>
    </datafield>
    <datafield tag="366" ind1=" " ind2=" ">
      <subfield code="c">OP 20260105</subfield>
      <subfield code="2">onixas</subfield>
    </datafield>
    <datafield tag="490" ind1="0" ind2=" ">
      <subfield code="a">Reihe Cantz</subfield>
    </datafield>
    <datafield tag="600" ind1="1" ind2="7">
      <subfield code="0">(DE-588)4398905-6</subfield>
      <subfield code="0">https://d-nb.info/gnd/4398905-6</subfield>
      <subfield code="0">(DE-101)94657832X</subfield>
      <subfield code="a">Simmons, Laurie</subfield>
      <subfield code="d">1949-</subfield>
      <subfield code="t">Actual Photos</subfield>
      <subfield code="9">rswk-swf</subfield>
      <subfield code="2">gnd</subfield>
    </datafield>
    <datafield tag="630" ind1="0" ind2="7">
      <subfield code="0">(DE-588)4398908-1</subfield>
      <subfield code="0">https://d-nb.info/gnd/4398908-1</subfield>
      <subfield code="0">(DE-101)946578486</subfield>
      <subfield code="a">Actual Photos</subfield>
      <subfield code="9">rswk-swf</subfield>
      <subfield code="2">gnd</subfield>
    </datafield>
    <datafield tag="655" ind1=" " ind2="7">
      <subfield code="0">(DE-588)4145395-5</subfield>
      <subfield code="0">https://d-nb.info/gnd/4145395-5</subfield>
      <subfield code="0">(DE-101)041453956</subfield>
      <subfield code="a">Bildband</subfield>
      <subfield code="2">gnd-content</subfield>
    </datafield>
    <datafield tag="655" ind1=" " ind2="7">
      <subfield code="a">Bildband</subfield>
      <subfield code="9">rswk-swf</subfield>
      <subfield code="2">gnd</subfield>
    </datafield>
    <datafield tag="655" ind1=" " ind2="7">
      <subfield code="a">Bildband</subfield>
      <subfield code="9">rswk-swf</subfield>
      <subfield code="2">gnd</subfield>
    </datafield>
    <datafield tag="689" ind1="0" ind2="0">
      <subfield code="0">(DE-588)4398905-6</subfield>
      <subfield code="0">https://d-nb.info/gnd/4398905-6</subfield>
      <subfield code="0">(DE-101)94657832X</subfield>
      <subfield code="D">p</subfield>
      <subfield code="a">Simmons, Laurie</subfield>
      <subfield code="d">1949-</subfield>
      <subfield code="t">Actual Photos</subfield>
    </datafield>
    <datafield tag="689" ind1="0" ind2="1">
      <subfield code="A">f</subfield>
      <subfield code="a">Bildband</subfield>
    </datafield>
    <datafield tag="689" ind1="0" ind2=" ">
      <subfield code="5">DE-101</subfield>
      <subfield code="5">DE-101</subfield>
    </datafield>
    <datafield tag="689" ind1="1" ind2="0">
      <subfield code="0">(DE-588)4398908-1</subfield>
      <subfield code="0">https://d-nb.info/gnd/4398908-1</subfield>
      <subfield code="0">(DE-101)946578486</subfield>
      <subfield code="D">u</subfield>
      <subfield code="a">Actual Photos</subfield>
    </datafield>
    <datafield tag="689" ind1="1" ind2="1">
      <subfield code="A">f</subfield>
      <subfield code="a">Bildband</subfield>
    </datafield>
    <datafield tag="689" ind1="1" ind2=" ">
      <subfield code="5">DE-101</subfield>
      <subfield code="5">DE-101</subfield>
    </datafield>
    <datafield tag="700" ind1="1" ind2=" ">
      <subfield code="0">(DE-588)124128122</subfield>
      <subfield code="0">https://d-nb.info/gnd/124128122</subfield>
      <subfield code="0">(DE-101)124128122</subfield>
      <subfield code="a">Elger, Dietmar</subfield>
      <subfield code="d">1958-</subfield>
      <subfield code="e">Herausgeber</subfield>
      <subfield code="4">edt</subfield>
      <subfield code="2">gnd</subfield>
    </datafield>
    <datafield tag="700" ind1="1" ind2=" ">
      <subfield code="8">1\p</subfield>
      <subfield code="0">(DE-588)118877097</subfield>
      <subfield code="0">https://d-nb.info/gnd/118877097</subfield>
      <subfield code="0">(DE-101)118877097</subfield>
      <subfield code="a">McCollum, Allan</subfield>
      <subfield code="d">1944-</subfield>
      <subfield code="e">Illustrator</subfield>
      <subfield code="4">ill</subfield>
      <subfield code="2">gnd</subfield>
    </datafield>
    <datafield tag="710" ind1="2" ind2=" ">
      <subfield code="0">(DE-588)2083948-0</subfield>
      <subfield code="0">https://d-nb.info/gnd/2083948-0</subfield>
      <subfield code="0">(DE-101)007332122</subfield>
      <subfield code="a">Sprengel Museum Hannover</subfield>
      <subfield code="e">Herausgebendes Organ</subfield>
      <subfield code="4">isb</subfield>
      <subfield code="2">gnd</subfield>
    </datafield>
    <datafield tag="850" ind1=" " ind2=" ">
      <subfield code="a">DE-101a</subfield>
      <subfield code="a">DE-101b</subfield>
    </datafield>
    <datafield tag="883" ind1=" " ind2=" ">
      <subfield code="8">1\p</subfield>
      <subfield code="a">cgwrk</subfield>
      <subfield code="d">20210314</subfield>
      <subfield code="q">DE-101</subfield>
      <subfield code="u">https://d-nb.info/provenance/plan#cgwrk</subfield>
    </datafield>
    <datafield tag="925" ind1="r" ind2=" ">
      <subfield code="a">ra</subfield>
    </datafield>
  </record></recordData><recordPosition>383</recordPosition></record>