<record><recordSchema>MARC21-xml</recordSchema><recordPacking>xml</recordPacking><recordData><record xmlns="http://www.loc.gov/MARC21/slim" type="Bibliographic">
    <leader>00000nam a2200000 c 4500</leader>
    <controlfield tag="001">94574871X</controlfield>
    <controlfield tag="003">DE-101</controlfield>
    <controlfield tag="005">20260105194209.0</controlfield>
    <controlfield tag="007">tu</controlfield>
    <controlfield tag="008">951005s1995    gw ||||| |||| 10||||ger  </controlfield>
    <datafield tag="015" ind1=" " ind2=" ">
      <subfield code="a">95,A46,1342</subfield>
      <subfield code="2">dnb</subfield>
    </datafield>
    <datafield tag="016" ind1="7" ind2=" ">
      <subfield code="2">DE-101</subfield>
      <subfield code="a">94574871X</subfield>
    </datafield>
    <datafield tag="020" ind1=" " ind2=" ">
      <subfield code="a">9783791316116</subfield>
      <subfield code="c">Gewebe : DM 98.00</subfield>
      <subfield code="9">978-3-7913-1611-6</subfield>
    </datafield>
    <datafield tag="020" ind1=" " ind2=" ">
      <subfield code="a">3791316117</subfield>
      <subfield code="c">Gewebe : DM 98.00</subfield>
      <subfield code="9">3-7913-1611-7</subfield>
    </datafield>
    <datafield tag="035" ind1=" " ind2=" ">
      <subfield code="a">(DE-599)DNB94574871X</subfield>
    </datafield>
    <datafield tag="035" ind1=" " ind2=" ">
      <subfield code="a">(OCoLC)312555748</subfield>
    </datafield>
    <datafield tag="040" ind1=" " ind2=" ">
      <subfield code="a">1240</subfield>
      <subfield code="b">ger</subfield>
      <subfield code="c">DE-101</subfield>
      <subfield code="d">9999</subfield>
    </datafield>
    <datafield tag="041" ind1=" " ind2=" ">
      <subfield code="a">ger</subfield>
    </datafield>
    <datafield tag="043" ind1=" " ind2=" ">
      <subfield code="c">XA-FR</subfield>
      <subfield code="c">XA-ES</subfield>
    </datafield>
    <datafield tag="044" ind1=" " ind2=" ">
      <subfield code="c">XA-DE</subfield>
    </datafield>
    <datafield tag="084" ind1=" " ind2=" ">
      <subfield code="a">46</subfield>
      <subfield code="a">700</subfield>
      <subfield code="a">730</subfield>
      <subfield code="a">740</subfield>
      <subfield code="a">750</subfield>
      <subfield code="a">760</subfield>
      <subfield code="q">DE-101</subfield>
      <subfield code="2">sdnb</subfield>
    </datafield>
    <datafield tag="084" ind1=" " ind2=" ">
      <subfield code="a">13.2</subfield>
      <subfield code="a">13.2p</subfield>
      <subfield code="a">13.4p</subfield>
      <subfield code="a">13.4</subfield>
      <subfield code="q">DE-101</subfield>
      <subfield code="2">sswd</subfield>
    </datafield>
    <datafield tag="245" ind1="0" ind2="0">
      <subfield code="a">Pablo Picasso on the path to sculpture</subfield>
      <subfield code="b">the Paris and Dinard sketchbooks of 1928 from the Marina Picasso Collection ; [in conjunction with the Exhibition "Pablo Picasso - Wege zur Skulptur: die Carnets Paris und Dinard von 1928 aus der Sammlung Marina Picasso", held at the Wilhelm-Lehmbruck Museum, Duisburg, from January 29 to April 2, 1995, at the Hamburger Kunsthalle from June 16 to August 13, 1995, and at the Sprengel-Museum Hannover, from August 27 to October 10, 1995]</subfield>
      <subfield code="c">Werner Spies. [Transl. from the German by John William Gabriel]</subfield>
    </datafield>
    <datafield tag="264" ind1=" " ind2="1">
      <subfield code="a">Munich</subfield>
      <subfield code="a">New York</subfield>
      <subfield code="b">Prestel</subfield>
      <subfield code="c">1995</subfield>
    </datafield>
    <datafield tag="300" ind1=" " ind2=" ">
      <subfield code="a">165 S.</subfield>
      <subfield code="b">überw. Ill.</subfield>
      <subfield code="c">31 cm</subfield>
    </datafield>
    <datafield tag="336" ind1=" " ind2=" ">
      <subfield code="a">unbewegtes Bild</subfield>
      <subfield code="b">sti</subfield>
      <subfield code="2">rdacontent</subfield>
    </datafield>
    <datafield tag="337" ind1=" " ind2=" ">
      <subfield code="a">ohne Hilfsmittel zu benutzen</subfield>
      <subfield code="b">n</subfield>
      <subfield code="2">rdamedia</subfield>
    </datafield>
    <datafield tag="338" ind1=" " ind2=" ">
      <subfield code="a">Band</subfield>
      <subfield code="b">nc</subfield>
      <subfield code="2">rdacarrier</subfield>
    </datafield>
    <datafield tag="366" ind1=" " ind2=" ">
      <subfield code="c">OP 20260105</subfield>
      <subfield code="2">onixas</subfield>
    </datafield>
    <datafield tag="600" ind1="1" ind2="7">
      <subfield code="0">(DE-588)118594206</subfield>
      <subfield code="0">https://d-nb.info/gnd/118594206</subfield>
      <subfield code="0">(DE-101)118594206</subfield>
      <subfield code="a">Picasso, Pablo</subfield>
      <subfield code="d">1881-1973</subfield>
      <subfield code="9">rswk-swf</subfield>
      <subfield code="2">gnd</subfield>
    </datafield>
    <datafield tag="650" ind1=" " ind2="7">
      <subfield code="0">(DE-588)4055251-2</subfield>
      <subfield code="0">https://d-nb.info/gnd/4055251-2</subfield>
      <subfield code="0">(DE-101)040552519</subfield>
      <subfield code="a">Skizzenbuch</subfield>
      <subfield code="9">rswk-swf</subfield>
      <subfield code="2">gnd</subfield>
    </datafield>
    <datafield tag="650" ind1=" " ind2="7">
      <subfield code="0">(DE-588)4046277-8</subfield>
      <subfield code="0">https://d-nb.info/gnd/4046277-8</subfield>
      <subfield code="0">(DE-101)040462773</subfield>
      <subfield code="a">Plastik</subfield>
      <subfield code="9">rswk-swf</subfield>
      <subfield code="2">gnd</subfield>
    </datafield>
    <datafield tag="650" ind1=" " ind2="7">
      <subfield code="0">(DE-588)4121208-3</subfield>
      <subfield code="0">https://d-nb.info/gnd/4121208-3</subfield>
      <subfield code="0">(DE-101)041212088</subfield>
      <subfield code="a">Entwurf</subfield>
      <subfield code="9">rswk-swf</subfield>
      <subfield code="2">gnd</subfield>
    </datafield>
    <datafield tag="655" ind1=" " ind2="7">
      <subfield code="0">(DE-588)4135467-9</subfield>
      <subfield code="0">https://d-nb.info/gnd/4135467-9</subfield>
      <subfield code="0">(DE-101)041354672</subfield>
      <subfield code="a">Ausstellungskatalog</subfield>
      <subfield code="y">1995</subfield>
      <subfield code="z">Duisburg</subfield>
      <subfield code="2">gnd-content</subfield>
    </datafield>
    <datafield tag="655" ind1=" " ind2="7">
      <subfield code="0">(DE-588)1071861417</subfield>
      <subfield code="0">https://d-nb.info/gnd/1071861417</subfield>
      <subfield code="0">(DE-101)1071861417</subfield>
      <subfield code="a">Konferenzschrift</subfield>
      <subfield code="2">gnd-content</subfield>
    </datafield>
    <datafield tag="655" ind1=" " ind2="7">
      <subfield code="a">Ausstellung</subfield>
      <subfield code="z">Duisburg &lt;1995></subfield>
      <subfield code="9">rswk-swf</subfield>
      <subfield code="2">gnd</subfield>
    </datafield>
    <datafield tag="689" ind1="0" ind2="0">
      <subfield code="0">(DE-588)118594206</subfield>
      <subfield code="0">https://d-nb.info/gnd/118594206</subfield>
      <subfield code="0">(DE-101)118594206</subfield>
      <subfield code="D">p</subfield>
      <subfield code="a">Picasso, Pablo</subfield>
      <subfield code="d">1881-1973</subfield>
    </datafield>
    <datafield tag="689" ind1="0" ind2="1">
      <subfield code="0">(DE-588)4055251-2</subfield>
      <subfield code="0">https://d-nb.info/gnd/4055251-2</subfield>
      <subfield code="0">(DE-101)040552519</subfield>
      <subfield code="D">s</subfield>
      <subfield code="a">Skizzenbuch</subfield>
    </datafield>
    <datafield tag="689" ind1="0" ind2="2">
      <subfield code="0">(DE-588)4046277-8</subfield>
      <subfield code="0">https://d-nb.info/gnd/4046277-8</subfield>
      <subfield code="0">(DE-101)040462773</subfield>
      <subfield code="D">s</subfield>
      <subfield code="a">Plastik</subfield>
    </datafield>
    <datafield tag="689" ind1="0" ind2="3">
      <subfield code="0">(DE-588)4121208-3</subfield>
      <subfield code="0">https://d-nb.info/gnd/4121208-3</subfield>
      <subfield code="0">(DE-101)041212088</subfield>
      <subfield code="D">s</subfield>
      <subfield code="a">Entwurf</subfield>
    </datafield>
    <datafield tag="689" ind1="0" ind2="4">
      <subfield code="A">f</subfield>
      <subfield code="a">Ausstellung</subfield>
    </datafield>
    <datafield tag="689" ind1="0" ind2="5">
      <subfield code="A">g</subfield>
      <subfield code="a">Duisburg &lt;1995></subfield>
    </datafield>
    <datafield tag="689" ind1="0" ind2=" ">
      <subfield code="5">DE-101</subfield>
      <subfield code="5">DE-101</subfield>
    </datafield>
    <datafield tag="700" ind1="1" ind2=" ">
      <subfield code="0">(DE-588)120359308</subfield>
      <subfield code="0">https://d-nb.info/gnd/120359308</subfield>
      <subfield code="0">(DE-101)120359308</subfield>
      <subfield code="a">Spies, Werner</subfield>
      <subfield code="d">1937-</subfield>
      <subfield code="e">Mitwirkender</subfield>
      <subfield code="4">ctb</subfield>
      <subfield code="2">gnd</subfield>
    </datafield>
    <datafield tag="700" ind1="1" ind2=" ">
      <subfield code="0">(DE-588)118594206</subfield>
      <subfield code="0">https://d-nb.info/gnd/118594206</subfield>
      <subfield code="0">(DE-101)118594206</subfield>
      <subfield code="a">Picasso, Pablo</subfield>
      <subfield code="d">1881-1973</subfield>
      <subfield code="e">Illustrator</subfield>
      <subfield code="4">ill</subfield>
      <subfield code="2">gnd</subfield>
    </datafield>
    <datafield tag="700" ind1="1" ind2=" ">
      <subfield code="0">(DE-588)113624255</subfield>
      <subfield code="0">https://d-nb.info/gnd/113624255</subfield>
      <subfield code="0">(DE-101)113624255</subfield>
      <subfield code="a">Gabriel, John William</subfield>
      <subfield code="e">Übersetzer</subfield>
      <subfield code="4">trl</subfield>
      <subfield code="2">gnd</subfield>
    </datafield>
    <datafield tag="710" ind1="2" ind2=" ">
      <subfield code="0">(DE-588)2027028-8</subfield>
      <subfield code="0">https://d-nb.info/gnd/2027028-8</subfield>
      <subfield code="0">(DE-101)004838807</subfield>
      <subfield code="a">Wilhelm-Lehmbruck-Museum</subfield>
      <subfield code="e">Herausgebendes Organ</subfield>
      <subfield code="4">isb</subfield>
      <subfield code="2">gnd</subfield>
    </datafield>
    <datafield tag="711" ind1="2" ind2=" ">
      <subfield code="0">(DE-588)2150903-7</subfield>
      <subfield code="0">https://d-nb.info/gnd/2150903-7</subfield>
      <subfield code="0">(DE-101)945748612</subfield>
      <subfield code="a">Exhibition Pablo Picasso - Wege zur Skulptur: die Carnets Paris und Dinard von 1928 aus der Sammlung Marina Picasso</subfield>
      <subfield code="d">1995</subfield>
      <subfield code="c">Duisburg u.a.</subfield>
      <subfield code="j">Herausgebendes Organ</subfield>
      <subfield code="4">isb</subfield>
      <subfield code="2">gnd</subfield>
    </datafield>
    <datafield tag="775" ind1="0" ind2="8">
      <subfield code="i">Parallele Sprachausgabe</subfield>
      <subfield code="n">Dt. Ausg.</subfield>
      <subfield code="t">Pablo Picasso</subfield>
      <subfield code="d">München ; New York : Prestel, 1995</subfield>
      <subfield code="h">168 S., überw. Ill.</subfield>
      <subfield code="w">(DE-101)943178185</subfield>
    </datafield>
    <datafield tag="850" ind1=" " ind2=" ">
      <subfield code="a">DE-101a</subfield>
      <subfield code="a">DE-101b</subfield>
    </datafield>
    <datafield tag="856" ind1="4" ind2="2">
      <subfield code="m">B:DE-101</subfield>
      <subfield code="q">application/pdf</subfield>
      <subfield code="u">https://d-nb.info/94574871X/04</subfield>
      <subfield code="3">Inhaltsverzeichnis</subfield>
    </datafield>
    <datafield tag="925" ind1="r" ind2=" ">
      <subfield code="a">ra</subfield>
    </datafield>
  </record></recordData><recordPosition>387</recordPosition></record>